{
    "symbol": "AJG",
    "annualReports": [
        {
            "fiscalDateEnding": "2022-12-31",
            "reportedCurrency": "USD",
            "grossProfit": "3326400000",
            "totalRevenue": "8327700000",
            "costOfRevenue": "5001300000",
            "costofGoodsAndServicesSold": "22900000",
            "operatingIncome": "1995500000",
            "sellingGeneralAndAdministrative": "176600000",
            "researchAndDevelopment": "None",
            "operatingExpenses": "1330900000",
            "investmentIncomeNet": "None",
            "netInterestIncome": "-256900000",
            "interestIncome": "256900000",
            "interestExpense": "256900000",
            "nonInterestIncome": "8584600000",
            "otherNonOperatingIncome": "None",
            "depreciation": "144700000",
            "depreciationAndAmortization": "599600000",
            "incomeBeforeTax": "1325200000",
            "incomeTaxExpense": "211000000",
            "interestAndDebtExpense": "256900000",
            "netIncomeFromContinuingOperations": "1116000000",
            "comprehensiveIncomeNetOfTax": "700100000",
            "ebit": "1582100000",
            "ebitda": "1667900000",
            "netIncome": "1114200000"
        },
        {
            "fiscalDateEnding": "2021-12-31",
            "reportedCurrency": "USD",
            "grossProfit": "2693100000",
            "totalRevenue": "7964800000",
            "costOfRevenue": "5271700000",
            "costofGoodsAndServicesSold": "1173200000",
            "operatingIncome": "1620700000",
            "sellingGeneralAndAdministrative": "153400000",
            "researchAndDevelopment": "None",
            "operatingExpenses": "1072400000",
            "investmentIncomeNet": "None",
            "netInterestIncome": "-226100000",
            "interestIncome": "226100000",
            "interestExpense": "226100000",
            "nonInterestIncome": "8190900000",
            "otherNonOperatingIncome": "-16200000",
            "depreciation": "151200000",
            "depreciationAndAmortization": "566300000",
            "incomeBeforeTax": "926900000",
            "incomeTaxExpense": "20100000",
            "interestAndDebtExpense": "242300000",
            "netIncomeFromContinuingOperations": "955000000",
            "comprehensiveIncomeNetOfTax": "823000000",
            "ebit": "1153000000",
            "ebitda": "1719300000",
            "netIncome": "906800000"
        },
        {
            "fiscalDateEnding": "2020-12-31",
            "reportedCurrency": "USD",
            "grossProfit": "2404000000",
            "totalRevenue": "6804300000",
            "costOfRevenue": "4400300000",
            "costofGoodsAndServicesSold": "882100000",
            "operatingIncome": "1497500000",
            "sellingGeneralAndAdministrative": "154000000",
            "researchAndDevelopment": "None",
            "operatingExpenses": "906500000",
            "investmentIncomeNet": "None",
            "netInterestIncome": "-196400000",
            "interestIncome": "196400000",
            "interestExpense": "196400000",
            "nonInterestIncome": "7000700000",
            "otherNonOperatingIncome": "None",
            "depreciation": "145100000",
            "depreciationAndAmortization": "562400000",
            "incomeBeforeTax": "831600000",
            "incomeTaxExpense": "12800000",
            "interestAndDebtExpense": "196400000",
            "netIncomeFromContinuingOperations": "858100000",
            "comprehensiveIncomeNetOfTax": "934400000",
            "ebit": "1028000000",
            "ebitda": "1590400000",
            "netIncome": "818800000"
        },
        {
            "fiscalDateEnding": "2019-12-31",
            "reportedCurrency": "USD",
            "grossProfit": "2316100000",
            "totalRevenue": "7195000000",
            "costOfRevenue": "4692400000",
            "costofGoodsAndServicesSold": "1352800000",
            "operatingIncome": "1247600000",
            "sellingGeneralAndAdministrative": "148100000",
            "researchAndDevelopment": "None",
            "operatingExpenses": "1068500000",
            "investmentIncomeNet": "None",
            "netInterestIncome": "-179800000",
            "interestIncome": "179800000",
            "interestExpense": "179800000",
            "nonInterestIncome": "7188300000",
            "otherNonOperatingIncome": "None",
            "depreciation": "140400000",
            "depreciationAndAmortization": "474400000",
            "incomeBeforeTax": "579100000",
            "incomeTaxExpense": "-89700000",
            "interestAndDebtExpense": "179800000",
            "netIncomeFromContinuingOperations": "715800000",
            "comprehensiveIncomeNetOfTax": "694700000",
            "ebit": "758900000",
            "ebitda": "1233300000",
            "netIncome": "668800000"
        },
        {
            "fiscalDateEnding": "2018-12-31",
            "reportedCurrency": "USD",
            "grossProfit": "1805600000",
            "totalRevenue": "6934000000",
            "costOfRevenue": "4992900000",
            "costofGoodsAndServicesSold": "1816000000",
            "operatingIncome": "901900000",
            "sellingGeneralAndAdministrative": "140000000",
            "researchAndDevelopment": "None",
            "operatingExpenses": "903700000",
            "investmentIncomeNet": "None",
            "netInterestIncome": "-138400000",
            "interestIncome": "138400000",
            "interestExpense": "138400000",
            "nonInterestIncome": "6936900000",
            "otherNonOperatingIncome": "None",
            "depreciation": "127800000",
            "depreciationAndAmortization": "419000000",
            "incomeBeforeTax": "437000000",
            "incomeTaxExpense": "-196500000",
            "interestAndDebtExpense": "138400000",
            "netIncomeFromContinuingOperations": "675900000",
            "comprehensiveIncomeNetOfTax": "411900000",
            "ebit": "575400000",
            "ebitda": "994400000",
            "netIncome": "633500000"
        }
    ],
    "quarterlyReports": [
        {
            "fiscalDateEnding": "2022-12-31",
            "reportedCurrency": "USD",
            "grossProfit": "607600000",
            "totalRevenue": "1961100000",
            "costOfRevenue": "1353500000",
            "costofGoodsAndServicesSold": "0",
            "operatingIncome": "239400000",
            "sellingGeneralAndAdministrative": "4799800000",
            "researchAndDevelopment": "None",
            "operatingExpenses": "368200000",
            "investmentIncomeNet": "None",
            "netInterestIncome": "-64000000",
            "interestIncome": "64000000",
            "interestExpense": "64000000",
            "nonInterestIncome": "2025100000",
            "otherNonOperatingIncome": "None",
            "depreciation": "36600000",
            "depreciationAndAmortization": "154000000",
            "incomeBeforeTax": "122000000",
            "incomeTaxExpense": "-13500000",
            "interestAndDebtExpense": "64000000",
            "netIncomeFromContinuingOperations": "135500000",
            "comprehensiveIncomeNetOfTax": "473800000",
            "ebit": "186000000",
            "ebitda": "212000000",
            "netIncome": "135500000"
        },
        {
            "fiscalDateEnding": "2022-09-30",
            "reportedCurrency": "USD",
            "grossProfit": "797800000",
            "totalRevenue": "1979600000",
            "costOfRevenue": "1181800000",
            "costofGoodsAndServicesSold": "0",
            "operatingIncome": "476300000",
            "sellingGeneralAndAdministrative": "1181800000",
            "researchAndDevelopment": "None",
            "operatingExpenses": "321500000",
            "investmentIncomeNet": "None",
            "netInterestIncome": "-64400000",
            "interestIncome": "64400000",
            "interestExpense": "64400000",
            "nonInterestIncome": "2044000000",
            "otherNonOperatingIncome": "None",
            "depreciation": "32900000",
            "depreciationAndAmortization": "145500000",
            "incomeBeforeTax": "314500000",
            "incomeTaxExpense": "58700000",
            "interestAndDebtExpense": "64400000",
            "netIncomeFromContinuingOperations": "256300000",
            "comprehensiveIncomeNetOfTax": "-165400000",
            "ebit": "378900000",
            "ebitda": "524400000",
            "netIncome": "255800000"
        },
        {
            "fiscalDateEnding": "2022-06-30",
            "reportedCurrency": "USD",
            "grossProfit": "817300000",
            "totalRevenue": "1978400000",
            "costOfRevenue": "1161100000",
            "costofGoodsAndServicesSold": "0",
            "operatingIncome": "493400000",
            "sellingGeneralAndAdministrative": "1161100000",
            "researchAndDevelopment": "None",
            "operatingExpenses": "323900000",
            "investmentIncomeNet": "None",
            "netInterestIncome": "-64600000",
            "interestIncome": "64600000",
            "interestExpense": "64600000",
            "nonInterestIncome": "2043000000",
            "otherNonOperatingIncome": "None",
            "depreciation": "40000000",
            "depreciationAndAmortization": "140300000",
            "incomeBeforeTax": "351400000",
            "incomeTaxExpense": "67200000",
            "interestAndDebtExpense": "64600000",
            "netIncomeFromContinuingOperations": "285100000",
            "comprehensiveIncomeNetOfTax": "-107300000",
            "ebit": "416000000",
            "ebitda": "556300000",
            "netIncome": "284200000"
        },
        {
            "fiscalDateEnding": "2022-03-31",
            "reportedCurrency": "USD",
            "grossProfit": "1068900000",
            "totalRevenue": "2373800000",
            "costOfRevenue": "1304900000",
            "costofGoodsAndServicesSold": "22900000",
            "operatingIncome": "751600000",
            "sellingGeneralAndAdministrative": "1282000000",
            "researchAndDevelopment": "None",
            "operatingExpenses": "317300000",
            "investmentIncomeNet": "None",
            "netInterestIncome": "-63900000",
            "interestIncome": "63900000",
            "interestExpense": "63900000",
            "nonInterestIncome": "2437700000",
            "otherNonOperatingIncome": "None",
            "depreciation": "35200000",
            "depreciationAndAmortization": "159800000",
            "incomeBeforeTax": "537300000",
            "incomeTaxExpense": "98600000",
            "interestAndDebtExpense": "63900000",
            "netIncomeFromContinuingOperations": "439100000",
            "comprehensiveIncomeNetOfTax": "499000000",
            "ebit": "601200000",
            "ebitda": "761000000",
            "netIncome": "438700000"
        },
        {
            "fiscalDateEnding": "2021-12-31",
            "reportedCurrency": "USD",
            "grossProfit": "498100000",
            "totalRevenue": "1912600000",
            "costOfRevenue": "1414500000",
            "costofGoodsAndServicesSold": "229200000",
            "operatingIncome": "177800000",
            "sellingGeneralAndAdministrative": "1014300000",
            "researchAndDevelopment": "None",
            "operatingExpenses": "320300000",
            "investmentIncomeNet": "None",
            "netInterestIncome": "-61500000",
            "interestIncome": "61500000",
            "interestExpense": "61500000",
            "nonInterestIncome": "1974100000",
            "otherNonOperatingIncome": "None",
            "depreciation": "37500000",
            "depreciationAndAmortization": "146500000",
            "incomeBeforeTax": "101500000",
            "incomeTaxExpense": "-7900000",
            "interestAndDebtExpense": "61500000",
            "netIncomeFromContinuingOperations": "120900000",
            "comprehensiveIncomeNetOfTax": "5800000",
            "ebit": "163000000",
            "ebitda": "309500000",
            "netIncome": "109400000"
        },
        {
            "fiscalDateEnding": "2021-09-30",
            "reportedCurrency": "USD",
            "grossProfit": "695100000",
            "totalRevenue": "2061700000",
            "costOfRevenue": "1366600000",
            "costofGoodsAndServicesSold": "366100000",
            "operatingIncome": "429500000",
            "sellingGeneralAndAdministrative": "1000500000",
            "researchAndDevelopment": "None",
            "operatingExpenses": "265600000",
            "investmentIncomeNet": "None",
            "netInterestIncome": "-60300000",
            "interestIncome": "60300000",
            "interestExpense": "60300000",
            "nonInterestIncome": "2122000000",
            "otherNonOperatingIncome": "-16200000",
            "depreciation": "38400000",
            "depreciationAndAmortization": "131300000",
            "incomeBeforeTax": "217900000",
            "incomeTaxExpense": "-7200000",
            "interestAndDebtExpense": "76500000",
            "netIncomeFromContinuingOperations": "238600000",
            "comprehensiveIncomeNetOfTax": "132100000",
            "ebit": "278200000",
            "ebitda": "409500000",
            "netIncome": "225100000"
        },
        {
            "fiscalDateEnding": "2021-06-30",
            "reportedCurrency": "USD",
            "grossProfit": "671400000",
            "totalRevenue": "1877300000",
            "costOfRevenue": "1205900000",
            "costofGoodsAndServicesSold": "268800000",
            "operatingIncome": "418000000",
            "sellingGeneralAndAdministrative": "937100000",
            "researchAndDevelopment": "None",
            "operatingExpenses": "253400000",
            "investmentIncomeNet": "None",
            "netInterestIncome": "-56200000",
            "interestIncome": "57300000",
            "interestExpense": "56200000",
            "nonInterestIncome": "1933500000",
            "otherNonOperatingIncome": "None",
            "depreciation": "37200000",
            "depreciationAndAmortization": "145200000",
            "incomeBeforeTax": "210700000",
            "incomeTaxExpense": "20500000",
            "interestAndDebtExpense": "56200000",
            "netIncomeFromContinuingOperations": "201800000",
            "comprehensiveIncomeNetOfTax": "187800000",
            "ebit": "266900000",
            "ebitda": "412100000",
            "netIncome": "190200000"
        },
        {
            "fiscalDateEnding": "2021-03-31",
            "reportedCurrency": "USD",
            "grossProfit": "827400000",
            "totalRevenue": "2112100000",
            "costOfRevenue": "1284700000",
            "costofGoodsAndServicesSold": "309100000",
            "operatingIncome": "594300000",
            "sellingGeneralAndAdministrative": "975600000",
            "researchAndDevelopment": "None",
            "operatingExpenses": "233100000",
            "investmentIncomeNet": "None",
            "netInterestIncome": "-48100000",
            "interestIncome": "52200000",
            "interestExpense": "48100000",
            "nonInterestIncome": "2160200000",
            "otherNonOperatingIncome": "None",
            "depreciation": "38100000",
            "depreciationAndAmortization": "143300000",
            "incomeBeforeTax": "396800000",
            "incomeTaxExpense": "14700000",
            "interestAndDebtExpense": "48100000",
            "netIncomeFromContinuingOperations": "393700000",
            "comprehensiveIncomeNetOfTax": "497300000",
            "ebit": "444900000",
            "ebitda": "588200000",
            "netIncome": "382100000"
        },
        {
            "fiscalDateEnding": "2020-12-31",
            "reportedCurrency": "USD",
            "grossProfit": "1703600000",
            "totalRevenue": "1703600000",
            "costOfRevenue": "1149200000",
            "costofGoodsAndServicesSold": "216300000",
            "operatingIncome": "1703600000",
            "sellingGeneralAndAdministrative": "881200000",
            "researchAndDevelopment": "None",
            "operatingExpenses": "230800000",
            "investmentIncomeNet": "None",
            "netInterestIncome": "-47800000",
            "interestIncome": "47800000",
            "interestExpense": "47800000",
            "nonInterestIncome": "1703600000",
            "otherNonOperatingIncome": "None",
            "depreciation": "37400000",
            "depreciationAndAmortization": "133500000",
            "incomeBeforeTax": "122800000",
            "incomeTaxExpense": "-19400000",
            "interestAndDebtExpense": "47800000",
            "netIncomeFromContinuingOperations": "133700000",
            "comprehensiveIncomeNetOfTax": "369500000",
            "ebit": "170600000",
            "ebitda": "304100000",
            "netIncome": "142200000"
        },
        {
            "fiscalDateEnding": "2020-09-30",
            "reportedCurrency": "USD",
            "grossProfit": "608300000",
            "totalRevenue": "1801000000",
            "costOfRevenue": "1192700000",
            "costofGoodsAndServicesSold": "319200000",
            "operatingIncome": "405100000",
            "sellingGeneralAndAdministrative": "873500000",
            "researchAndDevelopment": "None",
            "operatingExpenses": "203200000",
            "investmentIncomeNet": "None",
            "netInterestIncome": "-48100000",
            "interestIncome": "45500000",
            "interestExpense": "48100000",
            "nonInterestIncome": "1849100000",
            "otherNonOperatingIncome": "None",
            "depreciation": "36500000",
            "depreciationAndAmortization": "133900000",
            "incomeBeforeTax": "198300000",
            "incomeTaxExpense": "21700000",
            "interestAndDebtExpense": "48100000",
            "netIncomeFromContinuingOperations": "187800000",
            "comprehensiveIncomeNetOfTax": "287900000",
            "ebit": "246400000",
            "ebitda": "380300000",
            "netIncome": "176600000"
        },
        {
            "fiscalDateEnding": "2020-06-30",
            "reportedCurrency": "USD",
            "grossProfit": "557200000",
            "totalRevenue": "1534000000",
            "costOfRevenue": "976800000",
            "costofGoodsAndServicesSold": "161200000",
            "operatingIncome": "342400000",
            "sellingGeneralAndAdministrative": "815600000",
            "researchAndDevelopment": "None",
            "operatingExpenses": "214800000",
            "investmentIncomeNet": "None",
            "netInterestIncome": "-50000000",
            "interestIncome": "55100000",
            "interestExpense": "50000000",
            "nonInterestIncome": "1584000000",
            "otherNonOperatingIncome": "None",
            "depreciation": "34400000",
            "depreciationAndAmortization": "122600000",
            "incomeBeforeTax": "163600000",
            "incomeTaxExpense": "9900000",
            "interestAndDebtExpense": "50000000",
            "netIncomeFromContinuingOperations": "161800000",
            "comprehensiveIncomeNetOfTax": "403400000",
            "ebit": "213600000",
            "ebitda": "336200000",
            "netIncome": "153700000"
        },
        {
            "fiscalDateEnding": "2020-03-31",
            "reportedCurrency": "USD",
            "grossProfit": "747200000",
            "totalRevenue": "1828800000",
            "costOfRevenue": "1081600000",
            "costofGoodsAndServicesSold": "185400000",
            "operatingIncome": "489500000",
            "sellingGeneralAndAdministrative": "896200000",
            "researchAndDevelopment": "None",
            "operatingExpenses": "257700000",
            "investmentIncomeNet": "None",
            "netInterestIncome": "-50500000",
            "interestIncome": "62900000",
            "interestExpense": "50500000",
            "nonInterestIncome": "1879300000",
            "otherNonOperatingIncome": "None",
            "depreciation": "36800000",
            "depreciationAndAmortization": "172400000",
            "incomeBeforeTax": "346900000",
            "incomeTaxExpense": "600000",
            "interestAndDebtExpense": "50500000",
            "netIncomeFromContinuingOperations": "355400000",
            "comprehensiveIncomeNetOfTax": "-126400000",
            "ebit": "397400000",
            "ebitda": "569800000",
            "netIncome": "346300000"
        },
        {
            "fiscalDateEnding": "2019-12-31",
            "reportedCurrency": "USD",
            "grossProfit": "1721400000",
            "totalRevenue": "1721400000",
            "costOfRevenue": "1138400000",
            "costofGoodsAndServicesSold": "280900000",
            "operatingIncome": "1721400000",
            "sellingGeneralAndAdministrative": "857400000",
            "researchAndDevelopment": "None",
            "operatingExpenses": "280300000",
            "investmentIncomeNet": "None",
            "netInterestIncome": "-48100000",
            "interestIncome": "48100000",
            "interestExpense": "48100000",
            "nonInterestIncome": "1721400000",
            "otherNonOperatingIncome": "None",
            "depreciation": "36000000",
            "depreciationAndAmortization": "129600000",
            "incomeBeforeTax": "76900000",
            "incomeTaxExpense": "-21600000",
            "interestAndDebtExpense": "48100000",
            "netIncomeFromContinuingOperations": "84000000",
            "comprehensiveIncomeNetOfTax": "261000000",
            "ebit": "125000000",
            "ebitda": "254600000",
            "netIncome": "98500000"
        },
        {
            "fiscalDateEnding": "2019-09-30",
            "reportedCurrency": "USD",
            "grossProfit": "542500000",
            "totalRevenue": "1825200000",
            "costOfRevenue": "1236100000",
            "costofGoodsAndServicesSold": "397400000",
            "operatingIncome": "274500000",
            "sellingGeneralAndAdministrative": "838700000",
            "researchAndDevelopment": "None",
            "operatingExpenses": "268000000",
            "investmentIncomeNet": "None",
            "netInterestIncome": "-46600000",
            "interestIncome": "46600000",
            "interestExpense": "46600000",
            "nonInterestIncome": "1825200000",
            "otherNonOperatingIncome": "None",
            "depreciation": "35100000",
            "depreciationAndAmortization": "119300000",
            "incomeBeforeTax": "103800000",
            "incomeTaxExpense": "-22300000",
            "interestAndDebtExpense": "46600000",
            "netIncomeFromContinuingOperations": "137100000",
            "comprehensiveIncomeNetOfTax": "6600000",
            "ebit": "150400000",
            "ebitda": "269700000",
            "netIncome": "126100000"
        },
        {
            "fiscalDateEnding": "2019-06-30",
            "reportedCurrency": "USD",
            "grossProfit": "514600000",
            "totalRevenue": "1657800000",
            "costOfRevenue": "1098300000",
            "costofGoodsAndServicesSold": "292000000",
            "operatingIncome": "256900000",
            "sellingGeneralAndAdministrative": "806300000",
            "researchAndDevelopment": "None",
            "operatingExpenses": "257700000",
            "investmentIncomeNet": "None",
            "netInterestIncome": "-44900000",
            "interestIncome": "44900000",
            "interestExpense": "44900000",
            "nonInterestIncome": "1657800000",
            "otherNonOperatingIncome": "None",
            "depreciation": "35300000",
            "depreciationAndAmortization": "115000000",
            "incomeBeforeTax": "94200000",
            "incomeTaxExpense": "-15900000",
            "interestAndDebtExpense": "44900000",
            "netIncomeFromContinuingOperations": "121400000",
            "comprehensiveIncomeNetOfTax": "29300000",
            "ebit": "139100000",
            "ebitda": "254100000",
            "netIncome": "110100000"
        },
        {
            "fiscalDateEnding": "2019-03-31",
            "reportedCurrency": "USD",
            "grossProfit": "728200000",
            "totalRevenue": "1990600000",
            "costOfRevenue": "1219600000",
            "costofGoodsAndServicesSold": "382500000",
            "operatingIncome": "465700000",
            "sellingGeneralAndAdministrative": "837100000",
            "researchAndDevelopment": "None",
            "operatingExpenses": "262500000",
            "investmentIncomeNet": "None",
            "netInterestIncome": "-40200000",
            "interestIncome": "40200000",
            "interestExpense": "40200000",
            "nonInterestIncome": "1988000000",
            "otherNonOperatingIncome": "None",
            "depreciation": "34000000",
            "depreciationAndAmortization": "110500000",
            "incomeBeforeTax": "304200000",
            "incomeTaxExpense": "-29900000",
            "interestAndDebtExpense": "40200000",
            "netIncomeFromContinuingOperations": "351700000",
            "comprehensiveIncomeNetOfTax": "397800000",
            "ebit": "344400000",
            "ebitda": "454900000",
            "netIncome": "334100000"
        },
        {
            "fiscalDateEnding": "2018-12-31",
            "reportedCurrency": "USD",
            "grossProfit": "1657400000",
            "totalRevenue": "1657400000",
            "costOfRevenue": "2720000000",
            "costofGoodsAndServicesSold": "434200000",
            "operatingIncome": "1657400000",
            "sellingGeneralAndAdministrative": "760100000",
            "researchAndDevelopment": "None",
            "operatingExpenses": "237100000",
            "investmentIncomeNet": "None",
            "netInterestIncome": "-36500000",
            "interestIncome": "None",
            "interestExpense": "36500000",
            "nonInterestIncome": "1658300000",
            "otherNonOperatingIncome": "None",
            "depreciation": "33000000",
            "depreciationAndAmortization": "109800000",
            "incomeBeforeTax": "32700000",
            "incomeTaxExpense": "-84600000",
            "interestAndDebtExpense": "36500000",
            "netIncomeFromContinuingOperations": "43200000",
            "comprehensiveIncomeNetOfTax": "4100000",
            "ebit": "69200000",
            "ebitda": "179000000",
            "netIncome": "117300000"
        },
        {
            "fiscalDateEnding": "2018-09-30",
            "reportedCurrency": "USD",
            "grossProfit": "975000000",
            "totalRevenue": "1778500000",
            "costOfRevenue": "766800000",
            "costofGoodsAndServicesSold": "508800000",
            "operatingIncome": "747300000",
            "sellingGeneralAndAdministrative": "765700000",
            "researchAndDevelopment": "None",
            "operatingExpenses": "227700000",
            "investmentIncomeNet": "None",
            "netInterestIncome": "-36700000",
            "interestIncome": "None",
            "interestExpense": "36700000",
            "nonInterestIncome": "1778500000",
            "otherNonOperatingIncome": "None",
            "depreciation": "33400000",
            "depreciationAndAmortization": "106200000",
            "incomeBeforeTax": "79500000",
            "incomeTaxExpense": "-48100000",
            "interestAndDebtExpense": "36700000",
            "netIncomeFromContinuingOperations": "138400000",
            "comprehensiveIncomeNetOfTax": "105300000",
            "ebit": "116200000",
            "ebitda": "222400000",
            "netIncome": "127600000"
        },
        {
            "fiscalDateEnding": "2018-06-30",
            "reportedCurrency": "USD",
            "grossProfit": "896200000",
            "totalRevenue": "1660400000",
            "costOfRevenue": "730300000",
            "costofGoodsAndServicesSold": "441800000",
            "operatingIncome": "673400000",
            "sellingGeneralAndAdministrative": "724700000",
            "researchAndDevelopment": "None",
            "operatingExpenses": "222800000",
            "investmentIncomeNet": "None",
            "netInterestIncome": "-33900000",
            "interestIncome": "None",
            "interestExpense": "33900000",
            "nonInterestIncome": "1660400000",
            "otherNonOperatingIncome": "None",
            "depreciation": "30800000",
            "depreciationAndAmortization": "104200000",
            "incomeBeforeTax": "94800000",
            "incomeTaxExpense": "-20100000",
            "interestAndDebtExpense": "33900000",
            "netIncomeFromContinuingOperations": "123700000",
            "comprehensiveIncomeNetOfTax": "-31500000",
            "ebit": "128700000",
            "ebitda": "232900000",
            "netIncome": "114900000"
        },
        {
            "fiscalDateEnding": "2018-03-31",
            "reportedCurrency": "USD",
            "grossProfit": "630700000",
            "totalRevenue": "1837700000",
            "costOfRevenue": "1207000000",
            "costofGoodsAndServicesSold": "431200000",
            "operatingIncome": "414600000",
            "sellingGeneralAndAdministrative": "775800000",
            "researchAndDevelopment": "None",
            "operatingExpenses": "216100000",
            "investmentIncomeNet": "13400000",
            "netInterestIncome": "-31300000",
            "interestIncome": "None",
            "interestExpense": "31300000",
            "nonInterestIncome": "449700000",
            "otherNonOperatingIncome": "None",
            "depreciation": "30600000",
            "depreciationAndAmortization": "98800000",
            "incomeBeforeTax": "230000000",
            "incomeTaxExpense": "-43700000",
            "interestAndDebtExpense": "31300000",
            "netIncomeFromContinuingOperations": "286000000",
            "comprehensiveIncomeNetOfTax": "334000000",
            "ebit": "261300000",
            "ebitda": "360100000",
            "netIncome": "273700000"
        }
    ]
}