{
    "symbol": "BALL",
    "annualReports": [
        {
            "fiscalDateEnding": "2022-12-31",
            "reportedCurrency": "USD",
            "grossProfit": "1497000000",
            "totalRevenue": "15054000000",
            "costOfRevenue": "13557000000",
            "costofGoodsAndServicesSold": "12766000000",
            "operatingIncome": "1214000000",
            "sellingGeneralAndAdministrative": "626000000",
            "researchAndDevelopment": "55000000",
            "operatingExpenses": "846000000",
            "investmentIncomeNet": "None",
            "netInterestIncome": "-322000000",
            "interestIncome": "None",
            "interestExpense": "322000000",
            "nonInterestIncome": "15373000000",
            "otherNonOperatingIncome": "7000000",
            "depreciation": "507000000",
            "depreciationAndAmortization": "165000000",
            "incomeBeforeTax": "878000000",
            "incomeTaxExpense": "159000000",
            "interestAndDebtExpense": "330000000",
            "netIncomeFromContinuingOperations": "732000000",
            "comprehensiveIncomeNetOfTax": "622000000",
            "ebit": "1214000000",
            "ebitda": "1365000000",
            "netIncome": "719000000"
        },
        {
            "fiscalDateEnding": "2021-12-31",
            "reportedCurrency": "USD",
            "grossProfit": "1765000000",
            "totalRevenue": "13623000000",
            "costOfRevenue": "11858000000",
            "costofGoodsAndServicesSold": "11085000000",
            "operatingIncome": "1291000000",
            "sellingGeneralAndAdministrative": "593000000",
            "researchAndDevelopment": "56000000",
            "operatingExpenses": "829000000",
            "investmentIncomeNet": "None",
            "netInterestIncome": "-270000000",
            "interestIncome": "None",
            "interestExpense": "270000000",
            "nonInterestIncome": "13890000000",
            "otherNonOperatingIncome": "26000000",
            "depreciation": "520000000",
            "depreciationAndAmortization": "180000000",
            "incomeBeforeTax": "1034000000",
            "incomeTaxExpense": "156000000",
            "interestAndDebtExpense": "283000000",
            "netIncomeFromContinuingOperations": "878000000",
            "comprehensiveIncomeNetOfTax": "1250000000",
            "ebit": "1291000000",
            "ebitda": "1484000000",
            "netIncome": "878000000"
        },
        {
            "fiscalDateEnding": "2020-12-31",
            "reportedCurrency": "USD",
            "grossProfit": "1477000000",
            "totalRevenue": "11567000000",
            "costOfRevenue": "10090000000",
            "costofGoodsAndServicesSold": "9323000000",
            "operatingIncome": "1003000000",
            "sellingGeneralAndAdministrative": "525000000",
            "researchAndDevelopment": "47000000",
            "operatingExpenses": "814000000",
            "investmentIncomeNet": "None",
            "netInterestIncome": "-275000000",
            "interestIncome": "None",
            "interestExpense": "275000000",
            "nonInterestIncome": "11840000000",
            "otherNonOperatingIncome": "None",
            "depreciation": "488000000",
            "depreciationAndAmortization": "180000000",
            "incomeBeforeTax": "684000000",
            "incomeTaxExpense": "99000000",
            "interestAndDebtExpense": "316000000",
            "netIncomeFromContinuingOperations": "582000000",
            "comprehensiveIncomeNetOfTax": "541000000",
            "ebit": "1003000000",
            "ebitda": "1139000000",
            "netIncome": "585000000"
        },
        {
            "fiscalDateEnding": "2019-12-31",
            "reportedCurrency": "USD",
            "grossProfit": "1775000000",
            "totalRevenue": "11319000000",
            "costOfRevenue": "10295000000",
            "costofGoodsAndServicesSold": "9691000000",
            "operatingIncome": "932000000",
            "sellingGeneralAndAdministrative": "417000000",
            "researchAndDevelopment": "44000000",
            "operatingExpenses": "648000000",
            "investmentIncomeNet": "None",
            "netInterestIncome": "-317000000",
            "interestIncome": "None",
            "interestExpense": "317000000",
            "nonInterestIncome": "11633000000",
            "otherNonOperatingIncome": "None",
            "depreciation": "491000000",
            "depreciationAndAmortization": "187000000",
            "incomeBeforeTax": "637000000",
            "incomeTaxExpense": "71000000",
            "interestAndDebtExpense": "324000000",
            "netIncomeFromContinuingOperations": "536000000",
            "comprehensiveIncomeNetOfTax": "570000000",
            "ebit": "932000000",
            "ebitda": "1141000000",
            "netIncome": "566000000"
        },
        {
            "fiscalDateEnding": "2018-12-31",
            "reportedCurrency": "USD",
            "grossProfit": "1798000000",
            "totalRevenue": "11432000000",
            "costOfRevenue": "1191000000",
            "costofGoodsAndServicesSold": "509000000",
            "operatingIncome": "935000000",
            "sellingGeneralAndAdministrative": "478000000",
            "researchAndDevelopment": "32000000",
            "operatingExpenses": "714000000",
            "investmentIncomeNet": "None",
            "netInterestIncome": "-301000000",
            "interestIncome": "None",
            "interestExpense": "301000000",
            "nonInterestIncome": "11733000000",
            "otherNonOperatingIncome": "None",
            "depreciation": "498000000",
            "depreciationAndAmortization": "204000000",
            "incomeBeforeTax": "639000000",
            "incomeTaxExpense": "185000000",
            "interestAndDebtExpense": "302000000",
            "netIncomeFromContinuingOperations": "453000000",
            "comprehensiveIncomeNetOfTax": "275000000",
            "ebit": "935000000",
            "ebitda": "1144000000",
            "netIncome": "454000000"
        }
    ],
    "quarterlyReports": [
        {
            "fiscalDateEnding": "2022-12-31",
            "reportedCurrency": "USD",
            "grossProfit": "284000000",
            "totalRevenue": "3475000000",
            "costOfRevenue": "3191000000",
            "costofGoodsAndServicesSold": "3030000000",
            "operatingIncome": "188000000",
            "sellingGeneralAndAdministrative": "120000000",
            "researchAndDevelopment": "None",
            "operatingExpenses": "216000000",
            "investmentIncomeNet": "None",
            "netInterestIncome": "-106000000",
            "interestIncome": "None",
            "interestExpense": "106000000",
            "nonInterestIncome": "3578000000",
            "otherNonOperatingIncome": "None",
            "depreciation": "121000000",
            "depreciationAndAmortization": "41000000",
            "incomeBeforeTax": "75000000",
            "incomeTaxExpense": "20000000",
            "interestAndDebtExpense": "112000000",
            "netIncomeFromContinuingOperations": "56000000",
            "comprehensiveIncomeNetOfTax": "24000000",
            "ebit": "188000000",
            "ebitda": "222000000",
            "netIncome": "55000000"
        },
        {
            "fiscalDateEnding": "2022-09-30",
            "reportedCurrency": "USD",
            "grossProfit": "417000000",
            "totalRevenue": "3891000000",
            "costOfRevenue": "3474000000",
            "costofGoodsAndServicesSold": "3275000000",
            "operatingIncome": "523000000",
            "sellingGeneralAndAdministrative": "159000000",
            "researchAndDevelopment": "None",
            "operatingExpenses": "199000000",
            "investmentIncomeNet": "None",
            "netInterestIncome": "-79000000",
            "interestIncome": "None",
            "interestExpense": "79000000",
            "nonInterestIncome": "3970000000",
            "otherNonOperatingIncome": "-12000000",
            "depreciation": "117000000",
            "depreciationAndAmortization": "40000000",
            "incomeBeforeTax": "430000000",
            "incomeTaxExpense": "38000000",
            "interestAndDebtExpense": "79000000",
            "netIncomeFromContinuingOperations": "394000000",
            "comprehensiveIncomeNetOfTax": "90000000",
            "ebit": "523000000",
            "ebitda": "549000000",
            "netIncome": "392000000"
        },
        {
            "fiscalDateEnding": "2022-06-30",
            "reportedCurrency": "USD",
            "grossProfit": "-4000000",
            "totalRevenue": "4076000000",
            "costOfRevenue": "4080000000",
            "costofGoodsAndServicesSold": "3445000000",
            "operatingIncome": "-107000000",
            "sellingGeneralAndAdministrative": "161000000",
            "researchAndDevelopment": "None",
            "operatingExpenses": "635000000",
            "investmentIncomeNet": "None",
            "netInterestIncome": "-68000000",
            "interestIncome": "None",
            "interestExpense": "68000000",
            "nonInterestIncome": "4144000000",
            "otherNonOperatingIncome": "13000000",
            "depreciation": "129000000",
            "depreciationAndAmortization": "39000000",
            "incomeBeforeTax": "-173000000",
            "incomeTaxExpense": "1000000",
            "interestAndDebtExpense": "70000000",
            "netIncomeFromContinuingOperations": "-165000000",
            "comprehensiveIncomeNetOfTax": "91000000",
            "ebit": "-107000000",
            "ebitda": "-66000000",
            "netIncome": "-174000000"
        },
        {
            "fiscalDateEnding": "2022-03-31",
            "reportedCurrency": "USD",
            "grossProfit": "365000000",
            "totalRevenue": "3612000000",
            "costOfRevenue": "3247000000",
            "costofGoodsAndServicesSold": "3016000000",
            "operatingIncome": "610000000",
            "sellingGeneralAndAdministrative": "186000000",
            "researchAndDevelopment": "None",
            "operatingExpenses": "231000000",
            "investmentIncomeNet": "None",
            "netInterestIncome": "-69000000",
            "interestIncome": "None",
            "interestExpense": "69000000",
            "nonInterestIncome": "3681000000",
            "otherNonOperatingIncome": "None",
            "depreciation": "140000000",
            "depreciationAndAmortization": "45000000",
            "incomeBeforeTax": "546000000",
            "incomeTaxExpense": "100000000",
            "interestAndDebtExpense": "69000000",
            "netIncomeFromContinuingOperations": "447000000",
            "comprehensiveIncomeNetOfTax": "417000000",
            "ebit": "610000000",
            "ebitda": "660000000",
            "netIncome": "446000000"
        },
        {
            "fiscalDateEnding": "2021-12-31",
            "reportedCurrency": "USD",
            "grossProfit": "509000000",
            "totalRevenue": "3657000000",
            "costOfRevenue": "3148000000",
            "costofGoodsAndServicesSold": "2981000000",
            "operatingIncome": "380000000",
            "sellingGeneralAndAdministrative": "122000000",
            "researchAndDevelopment": "None",
            "operatingExpenses": "223000000",
            "investmentIncomeNet": "None",
            "netInterestIncome": "-69000000",
            "interestIncome": "None",
            "interestExpense": "69000000",
            "nonInterestIncome": "3723000000",
            "otherNonOperatingIncome": "8000000",
            "depreciation": "140000000",
            "depreciationAndAmortization": "45000000",
            "incomeBeforeTax": "307000000",
            "incomeTaxExpense": "10000000",
            "interestAndDebtExpense": "81000000",
            "netIncomeFromContinuingOperations": "297000000",
            "comprehensiveIncomeNetOfTax": "368000000",
            "ebit": "380000000",
            "ebitda": "421000000",
            "netIncome": "297000000"
        },
        {
            "fiscalDateEnding": "2021-09-30",
            "reportedCurrency": "USD",
            "grossProfit": "479000000",
            "totalRevenue": "3523000000",
            "costOfRevenue": "3044000000",
            "costofGoodsAndServicesSold": "2851000000",
            "operatingIncome": "238000000",
            "sellingGeneralAndAdministrative": "148000000",
            "researchAndDevelopment": "None",
            "operatingExpenses": "193000000",
            "investmentIncomeNet": "None",
            "netInterestIncome": "-68000000",
            "interestIncome": "None",
            "interestExpense": "68000000",
            "nonInterestIncome": "3591000000",
            "otherNonOperatingIncome": "None",
            "depreciation": "130000000",
            "depreciationAndAmortization": "45000000",
            "incomeBeforeTax": "177000000",
            "incomeTaxExpense": "-2000000",
            "interestAndDebtExpense": "69000000",
            "netIncomeFromContinuingOperations": "179000000",
            "comprehensiveIncomeNetOfTax": "323000000",
            "ebit": "238000000",
            "ebitda": "290000000",
            "netIncome": "179000000"
        },
        {
            "fiscalDateEnding": "2021-06-30",
            "reportedCurrency": "USD",
            "grossProfit": "401000000",
            "totalRevenue": "3372000000",
            "costOfRevenue": "2971000000",
            "costofGoodsAndServicesSold": "2760000000",
            "operatingIncome": "373000000",
            "sellingGeneralAndAdministrative": "166000000",
            "researchAndDevelopment": "None",
            "operatingExpenses": "211000000",
            "investmentIncomeNet": "None",
            "netInterestIncome": "-66000000",
            "interestIncome": "None",
            "interestExpense": "66000000",
            "nonInterestIncome": "3438000000",
            "otherNonOperatingIncome": "None",
            "depreciation": "127000000",
            "depreciationAndAmortization": "45000000",
            "incomeBeforeTax": "318000000",
            "incomeTaxExpense": "116000000",
            "interestAndDebtExpense": "66000000",
            "netIncomeFromContinuingOperations": "202000000",
            "comprehensiveIncomeNetOfTax": "302000000",
            "ebit": "373000000",
            "ebitda": "429000000",
            "netIncome": "202000000"
        },
        {
            "fiscalDateEnding": "2021-03-31",
            "reportedCurrency": "USD",
            "grossProfit": "376000000",
            "totalRevenue": "3071000000",
            "costOfRevenue": "2695000000",
            "costofGoodsAndServicesSold": "2493000000",
            "operatingIncome": "300000000",
            "sellingGeneralAndAdministrative": "157000000",
            "researchAndDevelopment": "None",
            "operatingExpenses": "202000000",
            "investmentIncomeNet": "None",
            "netInterestIncome": "-67000000",
            "interestIncome": "None",
            "interestExpense": "67000000",
            "nonInterestIncome": "3138000000",
            "otherNonOperatingIncome": "None",
            "depreciation": "123000000",
            "depreciationAndAmortization": "45000000",
            "incomeBeforeTax": "232000000",
            "incomeTaxExpense": "32000000",
            "interestAndDebtExpense": "67000000",
            "netIncomeFromContinuingOperations": "200000000",
            "comprehensiveIncomeNetOfTax": "257000000",
            "ebit": "300000000",
            "ebitda": "344000000",
            "netIncome": "200000000"
        },
        {
            "fiscalDateEnding": "2020-12-31",
            "reportedCurrency": "USD",
            "grossProfit": "337000000",
            "totalRevenue": "3055000000",
            "costOfRevenue": "2718000000",
            "costofGoodsAndServicesSold": "2448000000",
            "operatingIncome": "296000000",
            "sellingGeneralAndAdministrative": "162000000",
            "researchAndDevelopment": "None",
            "operatingExpenses": "317000000",
            "investmentIncomeNet": "None",
            "netInterestIncome": "-69000000",
            "interestIncome": "None",
            "interestExpense": "69000000",
            "nonInterestIncome": "3122000000",
            "otherNonOperatingIncome": "None",
            "depreciation": "123000000",
            "depreciationAndAmortization": "46000000",
            "incomeBeforeTax": "234000000",
            "incomeTaxExpense": "7000000",
            "interestAndDebtExpense": "69000000",
            "netIncomeFromContinuingOperations": "227000000",
            "comprehensiveIncomeNetOfTax": "428000000",
            "ebit": "296000000",
            "ebitda": "349000000",
            "netIncome": "227000000"
        },
        {
            "fiscalDateEnding": "2020-09-30",
            "reportedCurrency": "USD",
            "grossProfit": "408000000",
            "totalRevenue": "3004000000",
            "costOfRevenue": "2596000000",
            "costofGoodsAndServicesSold": "2430000000",
            "operatingIncome": "374000000",
            "sellingGeneralAndAdministrative": "121000000",
            "researchAndDevelopment": "None",
            "operatingExpenses": "166000000",
            "investmentIncomeNet": "None",
            "netInterestIncome": "-68000000",
            "interestIncome": "None",
            "interestExpense": "68000000",
            "nonInterestIncome": "3072000000",
            "otherNonOperatingIncome": "None",
            "depreciation": "115000000",
            "depreciationAndAmortization": "45000000",
            "incomeBeforeTax": "314000000",
            "incomeTaxExpense": "73000000",
            "interestAndDebtExpense": "69000000",
            "netIncomeFromContinuingOperations": "240000000",
            "comprehensiveIncomeNetOfTax": "154000000",
            "ebit": "374000000",
            "ebitda": "427000000",
            "netIncome": "241000000"
        },
        {
            "fiscalDateEnding": "2020-06-30",
            "reportedCurrency": "USD",
            "grossProfit": "388000000",
            "totalRevenue": "2773000000",
            "costOfRevenue": "2385000000",
            "costofGoodsAndServicesSold": "2230000000",
            "operatingIncome": "178000000",
            "sellingGeneralAndAdministrative": "111000000",
            "researchAndDevelopment": "None",
            "operatingExpenses": "155000000",
            "investmentIncomeNet": "None",
            "netInterestIncome": "-67000000",
            "interestIncome": "None",
            "interestExpense": "67000000",
            "nonInterestIncome": "2840000000",
            "otherNonOperatingIncome": "None",
            "depreciation": "126000000",
            "depreciationAndAmortization": "44000000",
            "incomeBeforeTax": "117000000",
            "incomeTaxExpense": "23000000",
            "interestAndDebtExpense": "67000000",
            "netIncomeFromContinuingOperations": "92000000",
            "comprehensiveIncomeNetOfTax": "165000000",
            "ebit": "178000000",
            "ebitda": "228000000",
            "netIncome": "94000000"
        },
        {
            "fiscalDateEnding": "2020-03-31",
            "reportedCurrency": "USD",
            "grossProfit": "344000000",
            "totalRevenue": "2735000000",
            "costOfRevenue": "2391000000",
            "costofGoodsAndServicesSold": "2215000000",
            "operatingIncome": "155000000",
            "sellingGeneralAndAdministrative": "131000000",
            "researchAndDevelopment": "None",
            "operatingExpenses": "176000000",
            "investmentIncomeNet": "None",
            "netInterestIncome": "-71000000",
            "interestIncome": "None",
            "interestExpense": "71000000",
            "nonInterestIncome": "2806000000",
            "otherNonOperatingIncome": "None",
            "depreciation": "124000000",
            "depreciationAndAmortization": "45000000",
            "incomeBeforeTax": "19000000",
            "incomeTaxExpense": "-4000000",
            "interestAndDebtExpense": "111000000",
            "netIncomeFromContinuingOperations": "23000000",
            "comprehensiveIncomeNetOfTax": "-206000000",
            "ebit": "155000000",
            "ebitda": "135000000",
            "netIncome": "23000000"
        },
        {
            "fiscalDateEnding": "2019-12-31",
            "reportedCurrency": "USD",
            "grossProfit": "437000000",
            "totalRevenue": "2719000000",
            "costOfRevenue": "2781000000",
            "costofGoodsAndServicesSold": "2647000000",
            "operatingIncome": "206000000",
            "sellingGeneralAndAdministrative": "89000000",
            "researchAndDevelopment": "None",
            "operatingExpenses": "178000000",
            "investmentIncomeNet": "None",
            "netInterestIncome": "-80000000",
            "interestIncome": "None",
            "interestExpense": "80000000",
            "nonInterestIncome": "2719000000",
            "otherNonOperatingIncome": "None",
            "depreciation": "123000000",
            "depreciationAndAmortization": "45000000",
            "incomeBeforeTax": "121000000",
            "incomeTaxExpense": "-2000000",
            "interestAndDebtExpense": "83000000",
            "netIncomeFromContinuingOperations": "123000000",
            "comprehensiveIncomeNetOfTax": "-34000000",
            "ebit": "206000000",
            "ebitda": "246000000",
            "netIncome": "123000000"
        },
        {
            "fiscalDateEnding": "2019-09-30",
            "reportedCurrency": "USD",
            "grossProfit": "468000000",
            "totalRevenue": "2971000000",
            "costOfRevenue": "2499000000",
            "costofGoodsAndServicesSold": "2363000000",
            "operatingIncome": "198000000",
            "sellingGeneralAndAdministrative": "90000000",
            "researchAndDevelopment": "None",
            "operatingExpenses": "136000000",
            "investmentIncomeNet": "None",
            "netInterestIncome": "-79000000",
            "interestIncome": "None",
            "interestExpense": "79000000",
            "nonInterestIncome": "3049000000",
            "otherNonOperatingIncome": "None",
            "depreciation": "123000000",
            "depreciationAndAmortization": "46000000",
            "incomeBeforeTax": "124000000",
            "incomeTaxExpense": "32000000",
            "interestAndDebtExpense": "79000000",
            "netIncomeFromContinuingOperations": "92000000",
            "comprehensiveIncomeNetOfTax": "173000000",
            "ebit": "198000000",
            "ebitda": "249000000",
            "netIncome": "92000000"
        },
        {
            "fiscalDateEnding": "2019-06-30",
            "reportedCurrency": "USD",
            "grossProfit": "463000000",
            "totalRevenue": "2957000000",
            "costOfRevenue": "2587000000",
            "costofGoodsAndServicesSold": "2428000000",
            "operatingIncome": "307000000",
            "sellingGeneralAndAdministrative": "111000000",
            "researchAndDevelopment": "None",
            "operatingExpenses": "159000000",
            "investmentIncomeNet": "None",
            "netInterestIncome": "-81000000",
            "interestIncome": "None",
            "interestExpense": "81000000",
            "nonInterestIncome": "3037000000",
            "otherNonOperatingIncome": "None",
            "depreciation": "123000000",
            "depreciationAndAmortization": "48000000",
            "incomeBeforeTax": "228000000",
            "incomeTaxExpense": "31000000",
            "interestAndDebtExpense": "81000000",
            "netIncomeFromContinuingOperations": "197000000",
            "comprehensiveIncomeNetOfTax": "189000000",
            "ebit": "307000000",
            "ebitda": "357000000",
            "netIncome": "197000000"
        },
        {
            "fiscalDateEnding": "2019-03-31",
            "reportedCurrency": "USD",
            "grossProfit": "407000000",
            "totalRevenue": "2797000000",
            "costOfRevenue": "175000000",
            "costofGoodsAndServicesSold": "2253000000",
            "operatingIncome": "221000000",
            "sellingGeneralAndAdministrative": "127000000",
            "researchAndDevelopment": "None",
            "operatingExpenses": "175000000",
            "investmentIncomeNet": "None",
            "netInterestIncome": "-77000000",
            "interestIncome": "None",
            "interestExpense": "77000000",
            "nonInterestIncome": "2874000000",
            "otherNonOperatingIncome": "None",
            "depreciation": "122000000",
            "depreciationAndAmortization": "48000000",
            "incomeBeforeTax": "127000000",
            "incomeTaxExpense": "10000000",
            "interestAndDebtExpense": "81000000",
            "netIncomeFromContinuingOperations": "117000000",
            "comprehensiveIncomeNetOfTax": "242000000",
            "ebit": "221000000",
            "ebitda": "252000000",
            "netIncome": "117000000"
        },
        {
            "fiscalDateEnding": "2018-12-31",
            "reportedCurrency": "USD",
            "grossProfit": "431000000",
            "totalRevenue": "2803000000",
            "costOfRevenue": "675000000",
            "costofGoodsAndServicesSold": "-6574000000",
            "operatingIncome": "198000000",
            "sellingGeneralAndAdministrative": "126000000",
            "researchAndDevelopment": "None",
            "operatingExpenses": "198000000",
            "investmentIncomeNet": "None",
            "netInterestIncome": "-75000000",
            "interestIncome": "None",
            "interestExpense": "75000000",
            "nonInterestIncome": "2803000000",
            "otherNonOperatingIncome": "None",
            "depreciation": "123000000",
            "depreciationAndAmortization": "50000000",
            "incomeBeforeTax": "88000000",
            "incomeTaxExpense": "-35000000",
            "interestAndDebtExpense": "75000000",
            "netIncomeFromContinuingOperations": "123000000",
            "comprehensiveIncomeNetOfTax": "116000000",
            "ebit": "198000000",
            "ebitda": "213000000",
            "netIncome": "123000000"
        },
        {
            "fiscalDateEnding": "2018-09-30",
            "reportedCurrency": "USD",
            "grossProfit": "466000000",
            "totalRevenue": "2909000000",
            "costOfRevenue": "163000000",
            "costofGoodsAndServicesSold": "2362000000",
            "operatingIncome": "268000000",
            "sellingGeneralAndAdministrative": "113000000",
            "researchAndDevelopment": "None",
            "operatingExpenses": "163000000",
            "investmentIncomeNet": "None",
            "netInterestIncome": "-76000000",
            "interestIncome": "None",
            "interestExpense": "76000000",
            "nonInterestIncome": "2985000000",
            "otherNonOperatingIncome": "None",
            "depreciation": "121000000",
            "depreciationAndAmortization": "50000000",
            "incomeBeforeTax": "199000000",
            "incomeTaxExpense": "140000000",
            "interestAndDebtExpense": "76000000",
            "netIncomeFromContinuingOperations": "59000000",
            "comprehensiveIncomeNetOfTax": "26000000",
            "ebit": "268000000",
            "ebitda": "325000000",
            "netIncome": "59000000"
        },
        {
            "fiscalDateEnding": "2018-06-30",
            "reportedCurrency": "USD",
            "grossProfit": "483000000",
            "totalRevenue": "3085000000",
            "costOfRevenue": "176000000",
            "costofGoodsAndServicesSold": "2484000000",
            "operatingIncome": "243000000",
            "sellingGeneralAndAdministrative": "127000000",
            "researchAndDevelopment": "None",
            "operatingExpenses": "176000000",
            "investmentIncomeNet": "None",
            "netInterestIncome": "-77000000",
            "interestIncome": "None",
            "interestExpense": "77000000",
            "nonInterestIncome": "3162000000",
            "otherNonOperatingIncome": "None",
            "depreciation": "129000000",
            "depreciationAndAmortization": "49000000",
            "incomeBeforeTax": "165000000",
            "incomeTaxExpense": "46000000",
            "interestAndDebtExpense": "77000000",
            "netIncomeFromContinuingOperations": "120000000",
            "comprehensiveIncomeNetOfTax": "25000000",
            "ebit": "243000000",
            "ebitda": "291000000",
            "netIncome": "119000000"
        },
        {
            "fiscalDateEnding": "2018-03-31",
            "reportedCurrency": "USD",
            "grossProfit": "418000000",
            "totalRevenue": "2706000000",
            "costOfRevenue": "172000000",
            "costofGoodsAndServicesSold": "2237000000",
            "operatingIncome": "226000000",
            "sellingGeneralAndAdministrative": "112000000",
            "researchAndDevelopment": "None",
            "operatingExpenses": "172000000",
            "investmentIncomeNet": "None",
            "netInterestIncome": "-73000000",
            "interestIncome": "None",
            "interestExpense": "73000000",
            "nonInterestIncome": "2779000000",
            "otherNonOperatingIncome": "None",
            "depreciation": "125000000",
            "depreciationAndAmortization": "55000000",
            "incomeBeforeTax": "159000000",
            "incomeTaxExpense": "34000000",
            "interestAndDebtExpense": "74000000",
            "netIncomeFromContinuingOperations": "125000000",
            "comprehensiveIncomeNetOfTax": "108000000",
            "ebit": "226000000",
            "ebitda": "287000000",
            "netIncome": "125000000"
        }
    ]
}