{
    "symbol": "BBWI",
    "annualReports": [
        {
            "fiscalDateEnding": "2022-01-29",
            "reportedCurrency": "USD",
            "grossProfit": "3855000000",
            "totalRevenue": "7299000000",
            "costOfRevenue": "5873000000",
            "costofGoodsAndServicesSold": "4027000000",
            "operatingIncome": "2009000000",
            "sellingGeneralAndAdministrative": "1846000000",
            "researchAndDevelopment": "None",
            "operatingExpenses": "1846000000",
            "investmentIncomeNet": "None",
            "netInterestIncome": "-388000000",
            "interestIncome": "None",
            "interestExpense": "388000000",
            "nonInterestIncome": "7687000000",
            "otherNonOperatingIncome": "-198000000",
            "depreciation": "363000000",
            "depreciationAndAmortization": "363000000",
            "incomeBeforeTax": "1681000000",
            "incomeTaxExpense": "348000000",
            "interestAndDebtExpense": "583000000",
            "netIncomeFromContinuingOperations": "1075000000",
            "comprehensiveIncomeNetOfTax": "1338000000",
            "ebit": "2069000000",
            "ebitda": "2432000000",
            "netIncome": "1333000000"
        },
        {
            "fiscalDateEnding": "2021-01-30",
            "reportedCurrency": "USD",
            "grossProfit": "3096000000",
            "totalRevenue": "11356000000",
            "costOfRevenue": "10524000000",
            "costofGoodsAndServicesSold": "3338000000",
            "operatingIncome": "1604000000",
            "sellingGeneralAndAdministrative": "1492000000",
            "researchAndDevelopment": "None",
            "operatingExpenses": "3305000000",
            "investmentIncomeNet": "None",
            "netInterestIncome": "-438000000",
            "interestIncome": "-6000000",
            "interestExpense": "432000000",
            "nonInterestIncome": "11794000000",
            "otherNonOperatingIncome": "-50000000",
            "depreciation": "521000000",
            "depreciationAndAmortization": "521000000",
            "incomeBeforeTax": "1101000000",
            "incomeTaxExpense": "257000000",
            "interestAndDebtExpense": "491000000",
            "netIncomeFromContinuingOperations": "865000000",
            "comprehensiveIncomeNetOfTax": "875000000",
            "ebit": "1533000000",
            "ebitda": "2051000000",
            "netIncome": "844000000"
        },
        {
            "fiscalDateEnding": "2020-02-01",
            "reportedCurrency": "USD",
            "grossProfit": "2387000000",
            "totalRevenue": "12496000000",
            "costOfRevenue": "12919000000",
            "costofGoodsAndServicesSold": "3018000000",
            "operatingIncome": "1040000000",
            "sellingGeneralAndAdministrative": "1347000000",
            "researchAndDevelopment": "None",
            "operatingExpenses": "4455000000",
            "investmentIncomeNet": "None",
            "netInterestIncome": "-378000000",
            "interestIncome": "-8000000",
            "interestExpense": "370000000",
            "nonInterestIncome": "12874000000",
            "otherNonOperatingIncome": "-62000000",
            "depreciation": "588000000",
            "depreciationAndAmortization": "588000000",
            "incomeBeforeTax": "-218000000",
            "incomeTaxExpense": "148000000",
            "interestAndDebtExpense": "418000000",
            "netIncomeFromContinuingOperations": "460000000",
            "comprehensiveIncomeNetOfTax": "-373000000",
            "ebit": "152000000",
            "ebitda": "785000000",
            "netIncome": "-366000000"
        },
        {
            "fiscalDateEnding": "2019-02-02",
            "reportedCurrency": "USD",
            "grossProfit": "4899000000",
            "totalRevenue": "12852000000",
            "costOfRevenue": "12002000000",
            "costofGoodsAndServicesSold": "8338000000",
            "operatingIncome": "1237000000",
            "sellingGeneralAndAdministrative": "3563000000",
            "researchAndDevelopment": "None",
            "operatingExpenses": "3664000000",
            "investmentIncomeNet": "None",
            "netInterestIncome": "-385000000",
            "interestIncome": "None",
            "interestExpense": "385000000",
            "nonInterestIncome": "13237000000",
            "otherNonOperatingIncome": "5000000",
            "depreciation": "590000000",
            "depreciationAndAmortization": "590000000",
            "incomeBeforeTax": "857000000",
            "incomeTaxExpense": "213000000",
            "interestAndDebtExpense": "385000000",
            "netIncomeFromContinuingOperations": "644000000",
            "comprehensiveIncomeNetOfTax": "681000000",
            "ebit": "1242000000",
            "ebitda": "1832000000",
            "netIncome": "644000000"
        },
        {
            "fiscalDateEnding": "2018-02-03",
            "reportedCurrency": "USD",
            "grossProfit": "4959000000",
            "totalRevenue": "12183000000",
            "costOfRevenue": "10904000000",
            "costofGoodsAndServicesSold": "7673000000",
            "operatingIncome": "1728000000",
            "sellingGeneralAndAdministrative": "3231000000",
            "researchAndDevelopment": "None",
            "operatingExpenses": "3231000000",
            "investmentIncomeNet": "None",
            "netInterestIncome": "-406000000",
            "interestIncome": "None",
            "interestExpense": "406000000",
            "nonInterestIncome": "-43000000",
            "otherNonOperatingIncome": "-10000000",
            "depreciation": "571000000",
            "depreciationAndAmortization": "None",
            "incomeBeforeTax": "1312000000",
            "incomeTaxExpense": "329000000",
            "interestAndDebtExpense": "451000000",
            "netIncomeFromContinuingOperations": "983000000",
            "comprehensiveIncomeNetOfTax": "995000000",
            "ebit": "1718000000",
            "ebitda": "None",
            "netIncome": "983000000"
        }
    ],
    "quarterlyReports": [
        {
            "fiscalDateEnding": "2022-10-29",
            "reportedCurrency": "USD",
            "grossProfit": "678000000",
            "totalRevenue": "1518000000",
            "costOfRevenue": "1402000000",
            "costofGoodsAndServicesSold": "926000000",
            "operatingIncome": "202000000",
            "sellingGeneralAndAdministrative": "476000000",
            "researchAndDevelopment": "None",
            "operatingExpenses": "476000000",
            "investmentIncomeNet": "None",
            "netInterestIncome": "-86000000",
            "interestIncome": "None",
            "interestExpense": "86000000",
            "nonInterestIncome": "1604000000",
            "otherNonOperatingIncome": "3000000",
            "depreciation": "56000000",
            "depreciationAndAmortization": "56000000",
            "incomeBeforeTax": "119000000",
            "incomeTaxExpense": "28000000",
            "interestAndDebtExpense": "86000000",
            "netIncomeFromContinuingOperations": "91000000",
            "comprehensiveIncomeNetOfTax": "90000000",
            "ebit": "205000000",
            "ebitda": "261000000",
            "netIncome": "91000000"
        },
        {
            "fiscalDateEnding": "2022-07-30",
            "reportedCurrency": "USD",
            "grossProfit": "660000000",
            "totalRevenue": "1532000000",
            "costOfRevenue": "1376000000",
            "costofGoodsAndServicesSold": "958000000",
            "operatingIncome": "242000000",
            "sellingGeneralAndAdministrative": "418000000",
            "researchAndDevelopment": "None",
            "operatingExpenses": "418000000",
            "investmentIncomeNet": "None",
            "netInterestIncome": "-86000000",
            "interestIncome": "None",
            "interestExpense": "86000000",
            "nonInterestIncome": "1618000000",
            "otherNonOperatingIncome": "2000000",
            "depreciation": "53000000",
            "depreciationAndAmortization": "53000000",
            "incomeBeforeTax": "158000000",
            "incomeTaxExpense": "38000000",
            "interestAndDebtExpense": "86000000",
            "netIncomeFromContinuingOperations": "120000000",
            "comprehensiveIncomeNetOfTax": "120000000",
            "ebit": "244000000",
            "ebitda": "297000000",
            "netIncome": "120000000"
        },
        {
            "fiscalDateEnding": "2022-04-30",
            "reportedCurrency": "USD",
            "grossProfit": "669000000",
            "totalRevenue": "1361000000",
            "costOfRevenue": "1170000000",
            "costofGoodsAndServicesSold": "781000000",
            "operatingIncome": "280000000",
            "sellingGeneralAndAdministrative": "389000000",
            "researchAndDevelopment": "None",
            "operatingExpenses": "389000000",
            "investmentIncomeNet": "None",
            "netInterestIncome": "-89000000",
            "interestIncome": "None",
            "interestExpense": "89000000",
            "nonInterestIncome": "1450000000",
            "otherNonOperatingIncome": "1000000",
            "depreciation": "53000000",
            "depreciationAndAmortization": "53000000",
            "incomeBeforeTax": "192000000",
            "incomeTaxExpense": "37000000",
            "interestAndDebtExpense": "89000000",
            "netIncomeFromContinuingOperations": "155000000",
            "comprehensiveIncomeNetOfTax": "155000000",
            "ebit": "281000000",
            "ebitda": "334000000",
            "netIncome": "155000000"
        },
        {
            "fiscalDateEnding": "2022-01-29",
            "reportedCurrency": "USD",
            "grossProfit": "1446000000",
            "totalRevenue": "3027000000",
            "costOfRevenue": "9000000",
            "costofGoodsAndServicesSold": "1582000000",
            "operatingIncome": "879000000",
            "sellingGeneralAndAdministrative": "567000000",
            "researchAndDevelopment": "None",
            "operatingExpenses": "567000000",
            "investmentIncomeNet": "None",
            "netInterestIncome": "-87000000",
            "interestIncome": "None",
            "interestExpense": "87000000",
            "nonInterestIncome": "3027000000",
            "otherNonOperatingIncome": "-2000000",
            "depreciation": "53000000",
            "depreciationAndAmortization": "53000000",
            "incomeBeforeTax": "792000000",
            "incomeTaxExpense": "198000000",
            "interestAndDebtExpense": "87000000",
            "netIncomeFromContinuingOperations": "592000000",
            "comprehensiveIncomeNetOfTax": "594000000",
            "ebit": "879000000",
            "ebitda": "932000000",
            "netIncome": "594000000"
        },
        {
            "fiscalDateEnding": "2021-10-30",
            "reportedCurrency": "USD",
            "grossProfit": "839000000",
            "totalRevenue": "1590000000",
            "costOfRevenue": "1272000000",
            "costofGoodsAndServicesSold": "842000000",
            "operatingIncome": "409000000",
            "sellingGeneralAndAdministrative": "430000000",
            "researchAndDevelopment": "None",
            "operatingExpenses": "430000000",
            "investmentIncomeNet": "None",
            "netInterestIncome": "-91000000",
            "interestIncome": "None",
            "interestExpense": "91000000",
            "nonInterestIncome": "1681000000",
            "otherNonOperatingIncome": "-91000000",
            "depreciation": "52000000",
            "depreciationAndAmortization": "52000000",
            "incomeBeforeTax": "138000000",
            "incomeTaxExpense": "50000000",
            "interestAndDebtExpense": "91000000",
            "netIncomeFromContinuingOperations": "177000000",
            "comprehensiveIncomeNetOfTax": "89000000",
            "ebit": "229000000",
            "ebitda": "281000000",
            "netIncome": "88000000"
        },
        {
            "fiscalDateEnding": "2021-07-31",
            "reportedCurrency": "USD",
            "grossProfit": "828000000",
            "totalRevenue": "3219000000",
            "costOfRevenue": "2719000000",
            "costofGoodsAndServicesSold": "876000000",
            "operatingIncome": "384000000",
            "sellingGeneralAndAdministrative": "444000000",
            "researchAndDevelopment": "None",
            "operatingExpenses": "899000000",
            "investmentIncomeNet": "None",
            "netInterestIncome": "-99000000",
            "interestIncome": "-2000000",
            "interestExpense": "97000000",
            "nonInterestIncome": "3318000000",
            "otherNonOperatingIncome": "0",
            "depreciation": "129000000",
            "depreciationAndAmortization": "129000000",
            "incomeBeforeTax": "446000000",
            "incomeTaxExpense": "72000000",
            "interestAndDebtExpense": "99000000",
            "netIncomeFromContinuingOperations": "215000000",
            "comprehensiveIncomeNetOfTax": "375000000",
            "ebit": "543000000",
            "ebitda": "727000000",
            "netIncome": "374000000"
        },
        {
            "fiscalDateEnding": "2021-05-01",
            "reportedCurrency": "USD",
            "grossProfit": "742000000",
            "totalRevenue": "1470000000",
            "costOfRevenue": "1133000000",
            "costofGoodsAndServicesSold": "728000000",
            "operatingIncome": "337000000",
            "sellingGeneralAndAdministrative": "405000000",
            "researchAndDevelopment": "None",
            "operatingExpenses": "405000000",
            "investmentIncomeNet": "None",
            "netInterestIncome": "-114000000",
            "interestIncome": "None",
            "interestExpense": "114000000",
            "nonInterestIncome": "1470000000",
            "otherNonOperatingIncome": "-104000000",
            "depreciation": "129000000",
            "depreciationAndAmortization": "129000000",
            "incomeBeforeTax": "305000000",
            "incomeTaxExpense": "28000000",
            "interestAndDebtExpense": "219000000",
            "netIncomeFromContinuingOperations": "91000000",
            "comprehensiveIncomeNetOfTax": "280000000",
            "ebit": "419000000",
            "ebitda": "596000000",
            "netIncome": "277000000"
        },
        {
            "fiscalDateEnding": "2021-01-30",
            "reportedCurrency": "USD",
            "grossProfit": "1407000000",
            "totalRevenue": "4819000000",
            "costOfRevenue": "3588000000",
            "costofGoodsAndServicesSold": "1311000000",
            "operatingIncome": "870000000",
            "sellingGeneralAndAdministrative": "538000000",
            "researchAndDevelopment": "None",
            "operatingExpenses": "1077000000",
            "investmentIncomeNet": "None",
            "netInterestIncome": "-116000000",
            "interestIncome": "-1000000",
            "interestExpense": "115000000",
            "nonInterestIncome": "4819000000",
            "otherNonOperatingIncome": "-3000000",
            "depreciation": "128000000",
            "depreciationAndAmortization": "128000000",
            "incomeBeforeTax": "1053000000",
            "incomeTaxExpense": "194000000",
            "interestAndDebtExpense": "116000000",
            "netIncomeFromContinuingOperations": "557000000",
            "comprehensiveIncomeNetOfTax": "895000000",
            "ebit": "1168000000",
            "ebitda": "1399000000",
            "netIncome": "859000000"
        },
        {
            "fiscalDateEnding": "2020-10-31",
            "reportedCurrency": "USD",
            "grossProfit": "863000000",
            "totalRevenue": "2934000000",
            "costOfRevenue": "2474000000",
            "costofGoodsAndServicesSold": "839000000",
            "operatingIncome": "436000000",
            "sellingGeneralAndAdministrative": "427000000",
            "researchAndDevelopment": "None",
            "operatingExpenses": "778000000",
            "investmentIncomeNet": "None",
            "netInterestIncome": "-121000000",
            "interestIncome": "-2000000",
            "interestExpense": "119000000",
            "nonInterestIncome": "3055000000",
            "otherNonOperatingIncome": "-52000000",
            "depreciation": "127000000",
            "depreciationAndAmortization": "127000000",
            "incomeBeforeTax": "400000000",
            "incomeTaxExpense": "69000000",
            "interestAndDebtExpense": "121000000",
            "netIncomeFromContinuingOperations": "196000000",
            "comprehensiveIncomeNetOfTax": "330000000",
            "ebit": "519000000",
            "ebitda": "658000000",
            "netIncome": "331000000"
        },
        {
            "fiscalDateEnding": "2020-08-01",
            "reportedCurrency": "USD",
            "grossProfit": "559000000",
            "totalRevenue": "2319000000",
            "costOfRevenue": "2275000000",
            "costofGoodsAndServicesSold": "1608000000",
            "operatingIncome": "263000000",
            "sellingGeneralAndAdministrative": "667000000",
            "researchAndDevelopment": "None",
            "operatingExpenses": "-39000000",
            "investmentIncomeNet": "None",
            "netInterestIncome": "-104000000",
            "interestIncome": "None",
            "interestExpense": "104000000",
            "nonInterestIncome": "2319000000",
            "otherNonOperatingIncome": "0",
            "depreciation": "127000000",
            "depreciationAndAmortization": "127000000",
            "incomeBeforeTax": "-60000000",
            "incomeTaxExpense": "-11000000",
            "interestAndDebtExpense": "104000000",
            "netIncomeFromContinuingOperations": "112000000",
            "comprehensiveIncomeNetOfTax": "-51000000",
            "ebit": "44000000",
            "ebitda": "171000000",
            "netIncome": "-49000000"
        },
        {
            "fiscalDateEnding": "2020-05-02",
            "reportedCurrency": "USD",
            "grossProfit": "268000000",
            "totalRevenue": "1654000000",
            "costOfRevenue": "2069000000",
            "costofGoodsAndServicesSold": "1366000000",
            "operatingIncome": "36000000",
            "sellingGeneralAndAdministrative": "606000000",
            "researchAndDevelopment": "None",
            "operatingExpenses": "703000000",
            "investmentIncomeNet": "None",
            "netInterestIncome": "-97000000",
            "interestIncome": "None",
            "interestExpense": "97000000",
            "nonInterestIncome": "1654000000",
            "otherNonOperatingIncome": "3000000",
            "depreciation": "139000000",
            "depreciationAndAmortization": "139000000",
            "incomeBeforeTax": "-412000000",
            "incomeTaxExpense": "-115000000",
            "interestAndDebtExpense": "97000000",
            "netIncomeFromContinuingOperations": "0",
            "comprehensiveIncomeNetOfTax": "-298000000",
            "ebit": "-315000000",
            "ebitda": "-176000000",
            "netIncome": "-297000000"
        },
        {
            "fiscalDateEnding": "2020-02-01",
            "reportedCurrency": "USD",
            "grossProfit": "1794000000",
            "totalRevenue": "4707000000",
            "costOfRevenue": "4641000000",
            "costofGoodsAndServicesSold": "-2532000000",
            "operatingIncome": "82000000",
            "sellingGeneralAndAdministrative": "-1133000000",
            "researchAndDevelopment": "None",
            "operatingExpenses": "1727000000",
            "investmentIncomeNet": "None",
            "netInterestIncome": "-92000000",
            "interestIncome": "-8000000",
            "interestExpense": "84000000",
            "nonInterestIncome": "4707000000",
            "otherNonOperatingIncome": "4000000",
            "depreciation": "145000000",
            "depreciationAndAmortization": "145000000",
            "incomeBeforeTax": "-43000000",
            "incomeTaxExpense": "149000000",
            "interestAndDebtExpense": "92000000",
            "netIncomeFromContinuingOperations": "348000000",
            "comprehensiveIncomeNetOfTax": "-193000000",
            "ebit": "41000000",
            "ebitda": "231000000",
            "netIncome": "-192000000"
        },
        {
            "fiscalDateEnding": "2019-11-02",
            "reportedCurrency": "USD",
            "grossProfit": "741000000",
            "totalRevenue": "2677000000",
            "costOfRevenue": "255000000",
            "costofGoodsAndServicesSold": "1936000000",
            "operatingIncome": "-151000000",
            "sellingGeneralAndAdministrative": "892000000",
            "researchAndDevelopment": "None",
            "operatingExpenses": "255000000",
            "investmentIncomeNet": "None",
            "netInterestIncome": "-92000000",
            "interestIncome": "None",
            "interestExpense": "92000000",
            "nonInterestIncome": "2677000000",
            "otherNonOperatingIncome": "-34000000",
            "depreciation": "148000000",
            "depreciationAndAmortization": "148000000",
            "incomeBeforeTax": "-277000000",
            "incomeTaxExpense": "-25000000",
            "interestAndDebtExpense": "92000000",
            "netIncomeFromContinuingOperations": "-277000000",
            "comprehensiveIncomeNetOfTax": "-248000000",
            "ebit": "-185000000",
            "ebitda": "-37000000",
            "netIncome": "-252000000"
        },
        {
            "fiscalDateEnding": "2019-08-03",
            "reportedCurrency": "USD",
            "grossProfit": "983000000",
            "totalRevenue": "40000000",
            "costOfRevenue": "2727000000",
            "costofGoodsAndServicesSold": "1919000000",
            "operatingIncome": "175000000",
            "sellingGeneralAndAdministrative": "808000000",
            "researchAndDevelopment": "None",
            "operatingExpenses": "808000000",
            "investmentIncomeNet": "None",
            "netInterestIncome": "-95000000",
            "interestIncome": "None",
            "interestExpense": "95000000",
            "nonInterestIncome": "40000000",
            "otherNonOperatingIncome": "-38000000",
            "depreciation": "150000000",
            "depreciationAndAmortization": "150000000",
            "incomeBeforeTax": "42000000",
            "incomeTaxExpense": "4000000",
            "interestAndDebtExpense": "-40000000",
            "netIncomeFromContinuingOperations": "40000000",
            "comprehensiveIncomeNetOfTax": "32000000",
            "ebit": "137000000",
            "ebitda": "287000000",
            "netIncome": "38000000"
        },
        {
            "fiscalDateEnding": "2019-05-04",
            "reportedCurrency": "USD",
            "grossProfit": "934000000",
            "totalRevenue": "2629000000",
            "costOfRevenue": "2476000000",
            "costofGoodsAndServicesSold": "1695000000",
            "operatingIncome": "153000000",
            "sellingGeneralAndAdministrative": "781000000",
            "researchAndDevelopment": "None",
            "operatingExpenses": "781000000",
            "investmentIncomeNet": "None",
            "netInterestIncome": "-99000000",
            "interestIncome": "None",
            "interestExpense": "99000000",
            "nonInterestIncome": "2629000000",
            "otherNonOperatingIncome": "6000000",
            "depreciation": "145000000",
            "depreciationAndAmortization": "145000000",
            "incomeBeforeTax": "60000000",
            "incomeTaxExpense": "20000000",
            "interestAndDebtExpense": "99000000",
            "netIncomeFromContinuingOperations": "60000000",
            "comprehensiveIncomeNetOfTax": "36000000",
            "ebit": "159000000",
            "ebitda": "304000000",
            "netIncome": "40000000"
        },
        {
            "fiscalDateEnding": "2019-02-02",
            "reportedCurrency": "USD",
            "grossProfit": "1968000000",
            "totalRevenue": "4852000000",
            "costOfRevenue": "3000000",
            "costofGoodsAndServicesSold": "2884000000",
            "operatingIncome": "800000000",
            "sellingGeneralAndAdministrative": "1069000000",
            "researchAndDevelopment": "None",
            "operatingExpenses": "3000000",
            "investmentIncomeNet": "None",
            "netInterestIncome": "-93000000",
            "interestIncome": "None",
            "interestExpense": "93000000",
            "nonInterestIncome": "4852000000",
            "otherNonOperatingIncome": "4000000",
            "depreciation": "146000000",
            "depreciationAndAmortization": "146000000",
            "incomeBeforeTax": "711000000",
            "incomeTaxExpense": "171000000",
            "interestAndDebtExpense": "93000000",
            "netIncomeFromContinuingOperations": "-105000000",
            "comprehensiveIncomeNetOfTax": "588000000",
            "ebit": "804000000",
            "ebitda": "950000000",
            "netIncome": "540000000"
        },
        {
            "fiscalDateEnding": "2018-11-03",
            "reportedCurrency": "USD",
            "grossProfit": "928000000",
            "totalRevenue": "2775000000",
            "costOfRevenue": "101000000",
            "costofGoodsAndServicesSold": "1847000000",
            "operatingIncome": "54000000",
            "sellingGeneralAndAdministrative": "874000000",
            "researchAndDevelopment": "None",
            "operatingExpenses": "101000000",
            "investmentIncomeNet": "None",
            "netInterestIncome": "-96000000",
            "interestIncome": "None",
            "interestExpense": "96000000",
            "nonInterestIncome": "2775000000",
            "otherNonOperatingIncome": "1000000",
            "depreciation": "148000000",
            "depreciationAndAmortization": "148000000",
            "incomeBeforeTax": "-41000000",
            "incomeTaxExpense": "2000000",
            "interestAndDebtExpense": "96000000",
            "netIncomeFromContinuingOperations": "-41000000",
            "comprehensiveIncomeNetOfTax": "-44000000",
            "ebit": "55000000",
            "ebitda": "203000000",
            "netIncome": "-43000000"
        },
        {
            "fiscalDateEnding": "2018-08-04",
            "reportedCurrency": "USD",
            "grossProfit": "1059000000",
            "totalRevenue": "2984000000",
            "costOfRevenue": "2756000000",
            "costofGoodsAndServicesSold": "1925000000",
            "operatingIncome": "228000000",
            "sellingGeneralAndAdministrative": "831000000",
            "researchAndDevelopment": "None",
            "operatingExpenses": "831000000",
            "investmentIncomeNet": "None",
            "netInterestIncome": "-98000000",
            "interestIncome": "None",
            "interestExpense": "98000000",
            "nonInterestIncome": "2984000000",
            "otherNonOperatingIncome": "-1000000",
            "depreciation": "148000000",
            "depreciationAndAmortization": "148000000",
            "incomeBeforeTax": "129000000",
            "incomeTaxExpense": "30000000",
            "interestAndDebtExpense": "98000000",
            "netIncomeFromContinuingOperations": "129000000",
            "comprehensiveIncomeNetOfTax": "94000000",
            "ebit": "227000000",
            "ebitda": "375000000",
            "netIncome": "99000000"
        },
        {
            "fiscalDateEnding": "2018-05-05",
            "reportedCurrency": "USD",
            "grossProfit": "944000000",
            "totalRevenue": "2626000000",
            "costOfRevenue": "2471000000",
            "costofGoodsAndServicesSold": "1682000000",
            "operatingIncome": "155000000",
            "sellingGeneralAndAdministrative": "789000000",
            "researchAndDevelopment": "None",
            "operatingExpenses": "789000000",
            "investmentIncomeNet": "None",
            "netInterestIncome": "-98000000",
            "interestIncome": "None",
            "interestExpense": "98000000",
            "nonInterestIncome": "2626000000",
            "otherNonOperatingIncome": "2000000",
            "depreciation": "148000000",
            "depreciationAndAmortization": "148000000",
            "incomeBeforeTax": "59000000",
            "incomeTaxExpense": "11000000",
            "interestAndDebtExpense": "98000000",
            "netIncomeFromContinuingOperations": "59000000",
            "comprehensiveIncomeNetOfTax": "43000000",
            "ebit": "157000000",
            "ebitda": "305000000",
            "netIncome": "48000000"
        },
        {
            "fiscalDateEnding": "2018-02-03",
            "reportedCurrency": "USD",
            "grossProfit": "2040000000",
            "totalRevenue": "4823000000",
            "costOfRevenue": "3837000000",
            "costofGoodsAndServicesSold": "2783000000",
            "operatingIncome": "987000000",
            "sellingGeneralAndAdministrative": "1054000000",
            "researchAndDevelopment": "None",
            "operatingExpenses": "1054000000",
            "investmentIncomeNet": "None",
            "netInterestIncome": "-106000000",
            "interestIncome": "None",
            "interestExpense": "106000000",
            "nonInterestIncome": "-43000000",
            "otherNonOperatingIncome": "-38000000",
            "depreciation": "145000000",
            "depreciationAndAmortization": "145000000",
            "incomeBeforeTax": "842000000",
            "incomeTaxExpense": "178000000",
            "interestAndDebtExpense": "151000000",
            "netIncomeFromContinuingOperations": "842000000",
            "comprehensiveIncomeNetOfTax": "673000000",
            "ebit": "948000000",
            "ebitda": "1093000000",
            "netIncome": "664000000"
        }
    ]
}