{
    "symbol": "CEG",
    "annualReports": [
        {
            "fiscalDateEnding": "2022-12-31",
            "reportedCurrency": "USD",
            "grossProfit": "3726000000",
            "totalRevenue": "24440000000",
            "costOfRevenue": "20714000000",
            "costofGoodsAndServicesSold": "18548000000",
            "operatingIncome": "495000000",
            "sellingGeneralAndAdministrative": "798000000",
            "researchAndDevelopment": "None",
            "operatingExpenses": "2115000000",
            "investmentIncomeNet": "None",
            "netInterestIncome": "-250000000",
            "interestIncome": "93000000",
            "interestExpense": "250000000",
            "nonInterestIncome": "24280000000",
            "otherNonOperatingIncome": "-786000000",
            "depreciation": "1065000000",
            "depreciationAndAmortization": "819000000",
            "incomeBeforeTax": "-548000000",
            "incomeTaxExpense": "-388000000",
            "interestAndDebtExpense": "250000000",
            "netIncomeFromContinuingOperations": "-167000000",
            "comprehensiveIncomeNetOfTax": "117000000",
            "ebit": "-298000000",
            "ebitda": "521000000",
            "netIncome": "-160000000"
        },
        {
            "fiscalDateEnding": "2021-12-31",
            "reportedCurrency": "USD",
            "grossProfit": "1707000000",
            "totalRevenue": "19649000000",
            "costOfRevenue": "17942000000",
            "costofGoodsAndServicesSold": "15160000000",
            "operatingIncome": "-346000000",
            "sellingGeneralAndAdministrative": "631000000",
            "researchAndDevelopment": "None",
            "operatingExpenses": "2581000000",
            "investmentIncomeNet": "None",
            "netInterestIncome": "-282000000",
            "interestIncome": "98000000",
            "interestExpense": "282000000",
            "nonInterestIncome": "18461000000",
            "otherNonOperatingIncome": "795000000",
            "depreciation": "2954000000",
            "depreciationAndAmortization": "1072000000",
            "incomeBeforeTax": "20000000",
            "incomeTaxExpense": "225000000",
            "interestAndDebtExpense": "282000000",
            "netIncomeFromContinuingOperations": "-83000000",
            "comprehensiveIncomeNetOfTax": "-206000000",
            "ebit": "302000000",
            "ebitda": "1374000000",
            "netIncome": "-205000000"
        }
    ],
    "quarterlyReports": [
        {
            "fiscalDateEnding": "2022-12-31",
            "reportedCurrency": "USD",
            "grossProfit": "853000000",
            "totalRevenue": "7333000000",
            "costOfRevenue": "6480000000",
            "costofGoodsAndServicesSold": "5981000000",
            "operatingIncome": "-172000000",
            "sellingGeneralAndAdministrative": "199000000",
            "researchAndDevelopment": "None",
            "operatingExpenses": "578000000",
            "investmentIncomeNet": "None",
            "netInterestIncome": "-64000000",
            "interestIncome": "23000000",
            "interestExpense": "64000000",
            "nonInterestIncome": "7333000000",
            "otherNonOperatingIncome": "383000000",
            "depreciation": "267000000",
            "depreciationAndAmortization": "238000000",
            "incomeBeforeTax": "150000000",
            "incomeTaxExpense": "116000000",
            "interestAndDebtExpense": "64000000",
            "netIncomeFromContinuingOperations": "28000000",
            "comprehensiveIncomeNetOfTax": "243000000",
            "ebit": "214000000",
            "ebitda": "452000000",
            "netIncome": "34000000"
        },
        {
            "fiscalDateEnding": "2022-09-30",
            "reportedCurrency": "USD",
            "grossProfit": "828000000",
            "totalRevenue": "6051000000",
            "costOfRevenue": "5223000000",
            "costofGoodsAndServicesSold": "4957000000",
            "operatingIncome": "-41000000",
            "sellingGeneralAndAdministrative": "234000000",
            "researchAndDevelopment": "None",
            "operatingExpenses": "240000000",
            "investmentIncomeNet": "None",
            "netInterestIncome": "-75000000",
            "interestIncome": "22000000",
            "interestExpense": "75000000",
            "nonInterestIncome": "6051000000",
            "otherNonOperatingIncome": "-196000000",
            "depreciation": "256000000",
            "depreciationAndAmortization": "199000000",
            "incomeBeforeTax": "-311000000",
            "incomeTaxExpense": "-123000000",
            "interestAndDebtExpense": "75000000",
            "netIncomeFromContinuingOperations": "-193000000",
            "comprehensiveIncomeNetOfTax": "-165000000",
            "ebit": "-236000000",
            "ebitda": "-37000000",
            "netIncome": "-188000000"
        },
        {
            "fiscalDateEnding": "2022-06-30",
            "reportedCurrency": "USD",
            "grossProfit": "1466000000",
            "totalRevenue": "5465000000",
            "costOfRevenue": "3999000000",
            "costofGoodsAndServicesSold": "3785000000",
            "operatingIncome": "272000000",
            "sellingGeneralAndAdministrative": "181000000",
            "researchAndDevelopment": "None",
            "operatingExpenses": "186000000",
            "investmentIncomeNet": "None",
            "netInterestIncome": "-56000000",
            "interestIncome": "29000000",
            "interestExpense": "56000000",
            "nonInterestIncome": "5465000000",
            "otherNonOperatingIncome": "-654000000",
            "depreciation": "272000000",
            "depreciationAndAmortization": "191000000",
            "incomeBeforeTax": "-439000000",
            "incomeTaxExpense": "-328000000",
            "interestAndDebtExpense": "56000000",
            "netIncomeFromContinuingOperations": "-113000000",
            "comprehensiveIncomeNetOfTax": "-87000000",
            "ebit": "-383000000",
            "ebitda": "-192000000",
            "netIncome": "-111000000"
        },
        {
            "fiscalDateEnding": "2022-03-31",
            "reportedCurrency": "USD",
            "grossProfit": "1241000000",
            "totalRevenue": "5591000000",
            "costOfRevenue": "4350000000",
            "costofGoodsAndServicesSold": "3825000000",
            "operatingIncome": "435000000",
            "sellingGeneralAndAdministrative": "184000000",
            "researchAndDevelopment": "None",
            "operatingExpenses": "491000000",
            "investmentIncomeNet": "None",
            "netInterestIncome": "-55000000",
            "interestIncome": "19000000",
            "interestExpense": "55000000",
            "nonInterestIncome": "5431000000",
            "otherNonOperatingIncome": "-318000000",
            "depreciation": "270000000",
            "depreciationAndAmortization": "191000000",
            "incomeBeforeTax": "53000000",
            "incomeTaxExpense": "-53000000",
            "interestAndDebtExpense": "55000000",
            "netIncomeFromContinuingOperations": "111000000",
            "comprehensiveIncomeNetOfTax": "127000000",
            "ebit": "108000000",
            "ebitda": "299000000",
            "netIncome": "106000000"
        },
        {
            "fiscalDateEnding": "2021-12-31",
            "reportedCurrency": "USD",
            "grossProfit": "1472000000",
            "totalRevenue": "5532000000",
            "costOfRevenue": "4060000000",
            "costofGoodsAndServicesSold": "4060000000",
            "operatingIncome": "-2000000",
            "sellingGeneralAndAdministrative": "None",
            "researchAndDevelopment": "None",
            "operatingExpenses": "1531000000",
            "investmentIncomeNet": "None",
            "netInterestIncome": "26000000",
            "interestIncome": "None",
            "interestExpense": "68000000",
            "nonInterestIncome": "None",
            "otherNonOperatingIncome": "234000000",
            "depreciation": "256000000",
            "depreciationAndAmortization": "589000000",
            "incomeBeforeTax": "159000000",
            "incomeTaxExpense": "117000000",
            "interestAndDebtExpense": "None",
            "netIncomeFromContinuingOperations": "39000000",
            "comprehensiveIncomeNetOfTax": "42000000",
            "ebit": "227000000",
            "ebitda": "820000000",
            "netIncome": "42000000"
        },
        {
            "fiscalDateEnding": "2021-09-30",
            "reportedCurrency": "USD",
            "grossProfit": "1922000000",
            "totalRevenue": "4406000000",
            "costOfRevenue": "2484000000",
            "costofGoodsAndServicesSold": "2484000000",
            "operatingIncome": "1006000000",
            "sellingGeneralAndAdministrative": "None",
            "researchAndDevelopment": "None",
            "operatingExpenses": "970000000",
            "investmentIncomeNet": "None",
            "netInterestIncome": "-123000000",
            "interestIncome": "26000000",
            "interestExpense": "73000000",
            "nonInterestIncome": "None",
            "otherNonOperatingIncome": "-115000000",
            "depreciation": "854000000",
            "depreciationAndAmortization": "1265000000",
            "incomeBeforeTax": "784000000",
            "incomeTaxExpense": "177000000",
            "interestAndDebtExpense": "None",
            "netIncomeFromContinuingOperations": "634000000",
            "comprehensiveIncomeNetOfTax": "603000000",
            "ebit": "857000000",
            "ebitda": "2126000000",
            "netIncome": "607000000"
        },
        {
            "fiscalDateEnding": "2021-06-30",
            "reportedCurrency": "USD",
            "grossProfit": "732000000",
            "totalRevenue": "4153000000",
            "costOfRevenue": "3421000000",
            "costofGoodsAndServicesSold": "3421000000",
            "operatingIncome": "-308000000",
            "sellingGeneralAndAdministrative": "None",
            "researchAndDevelopment": "None",
            "operatingExpenses": "951000000",
            "investmentIncomeNet": "None",
            "netInterestIncome": "-48000000",
            "interestIncome": "28000000",
            "interestExpense": "72000000",
            "nonInterestIncome": "None",
            "otherNonOperatingIncome": "508000000",
            "depreciation": "916000000",
            "depreciationAndAmortization": "1340000000",
            "incomeBeforeTax": "49000000",
            "incomeTaxExpense": "110000000",
            "interestAndDebtExpense": "None",
            "netIncomeFromContinuingOperations": "13000000",
            "comprehensiveIncomeNetOfTax": "-59000000",
            "ebit": "121000000",
            "ebitda": "1465000000",
            "netIncome": "-61000000"
        },
        {
            "fiscalDateEnding": "2021-03-31",
            "reportedCurrency": "USD",
            "grossProfit": "-52000000",
            "totalRevenue": "5559000000",
            "costOfRevenue": "5611000000",
            "costofGoodsAndServicesSold": "5611000000",
            "operatingIncome": "-1042000000",
            "sellingGeneralAndAdministrative": "None",
            "researchAndDevelopment": "None",
            "operatingExpenses": "1019000000",
            "investmentIncomeNet": "None",
            "netInterestIncome": "-54000000",
            "interestIncome": "18000000",
            "interestExpense": "68000000",
            "nonInterestIncome": "None",
            "otherNonOperatingIncome": "167000000",
            "depreciation": "928000000",
            "depreciationAndAmortization": "1346000000",
            "incomeBeforeTax": "-972000000",
            "incomeTaxExpense": "-179000000",
            "interestAndDebtExpense": "None",
            "netIncomeFromContinuingOperations": "-769000000",
            "comprehensiveIncomeNetOfTax": "-792000000",
            "ebit": "-904000000",
            "ebitda": "446000000",
            "netIncome": "-793000000"
        }
    ]
}