{
    "symbol": "DTE",
    "annualReports": [
        {
            "fiscalDateEnding": "2022-12-31",
            "reportedCurrency": "USD",
            "grossProfit": "-1642000000",
            "totalRevenue": "19228000000",
            "costOfRevenue": "967000000",
            "costofGoodsAndServicesSold": "15560000000",
            "operatingIncome": "1748000000",
            "sellingGeneralAndAdministrative": "457000000",
            "researchAndDevelopment": "None",
            "operatingExpenses": "968000000",
            "investmentIncomeNet": "46000000",
            "netInterestIncome": "-675000000",
            "interestIncome": "46000000",
            "interestExpense": "675000000",
            "nonInterestIncome": "-106000000",
            "otherNonOperatingIncome": "-8000000",
            "depreciation": "1148000000",
            "depreciationAndAmortization": "327000000",
            "incomeBeforeTax": "1112000000",
            "incomeTaxExpense": "29000000",
            "interestAndDebtExpense": "675000000",
            "netIncomeFromContinuingOperations": "1083000000",
            "comprehensiveIncomeNetOfTax": "1133000000",
            "ebit": "1787000000",
            "ebitda": "2114000000",
            "netIncome": "1083000000"
        },
        {
            "fiscalDateEnding": "2021-12-31",
            "reportedCurrency": "USD",
            "grossProfit": "-2063000000",
            "totalRevenue": "14964000000",
            "costOfRevenue": "1017000000",
            "costofGoodsAndServicesSold": "11628000000",
            "operatingIncome": "1495000000",
            "sellingGeneralAndAdministrative": "490000000",
            "researchAndDevelopment": "None",
            "operatingExpenses": "935000000",
            "investmentIncomeNet": "22000000",
            "netInterestIncome": "-630000000",
            "interestIncome": "22000000",
            "interestExpense": "630000000",
            "nonInterestIncome": "-577000000",
            "otherNonOperatingIncome": "179000000",
            "depreciation": "1095000000",
            "depreciationAndAmortization": "289000000",
            "incomeBeforeTax": "777000000",
            "incomeTaxExpense": "-130000000",
            "interestAndDebtExpense": "1023000000",
            "netIncomeFromContinuingOperations": "796000000",
            "comprehensiveIncomeNetOfTax": "922000000",
            "ebit": "1407000000",
            "ebitda": "1696000000",
            "netIncome": "907000000"
        },
        {
            "fiscalDateEnding": "2020-12-31",
            "reportedCurrency": "USD",
            "grossProfit": "-1748000000",
            "totalRevenue": "12177000000",
            "costOfRevenue": "1048000000",
            "costofGoodsAndServicesSold": "8303000000",
            "operatingIncome": "1555000000",
            "sellingGeneralAndAdministrative": "410000000",
            "researchAndDevelopment": "None",
            "operatingExpenses": "884000000",
            "investmentIncomeNet": "38000000",
            "netInterestIncome": "-720000000",
            "interestIncome": "-119000000",
            "interestExpense": "601000000",
            "nonInterestIncome": "-83000000",
            "otherNonOperatingIncome": "284000000",
            "depreciation": "1025000000",
            "depreciationAndAmortization": "328000000",
            "incomeBeforeTax": "1405000000",
            "incomeTaxExpense": "37000000",
            "interestAndDebtExpense": "720000000",
            "netIncomeFromContinuingOperations": "1054000000",
            "comprehensiveIncomeNetOfTax": "1379000000",
            "ebit": "2006000000",
            "ebitda": "2334000000",
            "netIncome": "1368000000"
        },
        {
            "fiscalDateEnding": "2019-12-31",
            "reportedCurrency": "USD",
            "grossProfit": "-1260000000",
            "totalRevenue": "12669000000",
            "costOfRevenue": "872000000",
            "costofGoodsAndServicesSold": "9270000000",
            "operatingIncome": "1430000000",
            "sellingGeneralAndAdministrative": "414000000",
            "researchAndDevelopment": "None",
            "operatingExpenses": "833000000",
            "investmentIncomeNet": "17000000",
            "netInterestIncome": "-641000000",
            "interestIncome": "-73000000",
            "interestExpense": "568000000",
            "nonInterestIncome": "55000000",
            "otherNonOperatingIncome": "280000000",
            "depreciation": "927000000",
            "depreciationAndAmortization": "270000000",
            "incomeBeforeTax": "1240000000",
            "incomeTaxExpense": "71000000",
            "interestAndDebtExpense": "641000000",
            "netIncomeFromContinuingOperations": "955000000",
            "comprehensiveIncomeNetOfTax": "1166000000",
            "ebit": "1808000000",
            "ebitda": "2078000000",
            "netIncome": "1169000000"
        },
        {
            "fiscalDateEnding": "2018-12-31",
            "reportedCurrency": "USD",
            "grossProfit": "-1398000000",
            "totalRevenue": "14212000000",
            "costOfRevenue": "865000000",
            "costofGoodsAndServicesSold": "0",
            "operatingIncome": "1594000000",
            "sellingGeneralAndAdministrative": "449000000",
            "researchAndDevelopment": "None",
            "operatingExpenses": "828000000",
            "investmentIncomeNet": "12000000",
            "netInterestIncome": "-559000000",
            "interestIncome": "12000000",
            "interestExpense": "559000000",
            "nonInterestIncome": "26000000",
            "otherNonOperatingIncome": "206000000",
            "depreciation": "878000000",
            "depreciationAndAmortization": "239000000",
            "incomeBeforeTax": "1218000000",
            "incomeTaxExpense": "98000000",
            "interestAndDebtExpense": "559000000",
            "netIncomeFromContinuingOperations": "1118000000",
            "comprehensiveIncomeNetOfTax": "1125000000",
            "ebit": "1777000000",
            "ebitda": "2016000000",
            "netIncome": "1120000000"
        }
    ],
    "quarterlyReports": [
        {
            "fiscalDateEnding": "2022-12-31",
            "reportedCurrency": "USD",
            "grossProfit": "-786000000",
            "totalRevenue": "4476000000",
            "costOfRevenue": "631000000",
            "costofGoodsAndServicesSold": "3532000000",
            "operatingIncome": "462000000",
            "sellingGeneralAndAdministrative": "108000000",
            "researchAndDevelopment": "None",
            "operatingExpenses": "619000000",
            "investmentIncomeNet": "20000000",
            "netInterestIncome": "-189000000",
            "interestIncome": "20000000",
            "interestExpense": "189000000",
            "nonInterestIncome": "8000000",
            "otherNonOperatingIncome": "13000000",
            "depreciation": "None",
            "depreciationAndAmortization": "85000000",
            "incomeBeforeTax": "294000000",
            "incomeTaxExpense": "29000000",
            "interestAndDebtExpense": "189000000",
            "netIncomeFromContinuingOperations": "265000000",
            "comprehensiveIncomeNetOfTax": "301000000",
            "ebit": "483000000",
            "ebitda": "568000000",
            "netIncome": "265000000"
        },
        {
            "fiscalDateEnding": "2022-09-30",
            "reportedCurrency": "USD",
            "grossProfit": "-128000000",
            "totalRevenue": "5251000000",
            "costOfRevenue": "106000000",
            "costofGoodsAndServicesSold": "4225000000",
            "operatingIncome": "545000000",
            "sellingGeneralAndAdministrative": "111000000",
            "researchAndDevelopment": "None",
            "operatingExpenses": "111000000",
            "investmentIncomeNet": "10000000",
            "netInterestIncome": "-171000000",
            "interestIncome": "161000000",
            "interestExpense": "171000000",
            "nonInterestIncome": "119000000",
            "otherNonOperatingIncome": "4000000",
            "depreciation": "None",
            "depreciationAndAmortization": "384000000",
            "incomeBeforeTax": "393000000",
            "incomeTaxExpense": "6000000",
            "interestAndDebtExpense": "171000000",
            "netIncomeFromContinuingOperations": "387000000",
            "comprehensiveIncomeNetOfTax": "393000000",
            "ebit": "564000000",
            "ebitda": "948000000",
            "netIncome": "387000000"
        },
        {
            "fiscalDateEnding": "2022-06-30",
            "reportedCurrency": "USD",
            "grossProfit": "-309000000",
            "totalRevenue": "4924000000",
            "costOfRevenue": "110000000",
            "costofGoodsAndServicesSold": "4265000000",
            "operatingIncome": "183000000",
            "sellingGeneralAndAdministrative": "115000000",
            "researchAndDevelopment": "None",
            "operatingExpenses": "115000000",
            "investmentIncomeNet": "8000000",
            "netInterestIncome": "-161000000",
            "interestIncome": "8000000",
            "interestExpense": "161000000",
            "nonInterestIncome": "-63000000",
            "otherNonOperatingIncome": "-20000000",
            "depreciation": "None",
            "depreciationAndAmortization": "377000000",
            "incomeBeforeTax": "15000000",
            "incomeTaxExpense": "-22000000",
            "interestAndDebtExpense": "161000000",
            "netIncomeFromContinuingOperations": "37000000",
            "comprehensiveIncomeNetOfTax": "42000000",
            "ebit": "176000000",
            "ebitda": "553000000",
            "netIncome": "37000000"
        },
        {
            "fiscalDateEnding": "2022-03-31",
            "reportedCurrency": "USD",
            "grossProfit": "-459000000",
            "totalRevenue": "4577000000",
            "costOfRevenue": "140000000",
            "costofGoodsAndServicesSold": "3538000000",
            "operatingIncome": "558000000",
            "sellingGeneralAndAdministrative": "123000000",
            "researchAndDevelopment": "None",
            "operatingExpenses": "123000000",
            "investmentIncomeNet": "8000000",
            "netInterestIncome": "-154000000",
            "interestIncome": "8000000",
            "interestExpense": "154000000",
            "nonInterestIncome": "-170000000",
            "otherNonOperatingIncome": "-5000000",
            "depreciation": "None",
            "depreciationAndAmortization": "358000000",
            "incomeBeforeTax": "410000000",
            "incomeTaxExpense": "16000000",
            "interestAndDebtExpense": "154000000",
            "netIncomeFromContinuingOperations": "394000000",
            "comprehensiveIncomeNetOfTax": "397000000",
            "ebit": "564000000",
            "ebitda": "922000000",
            "netIncome": "394000000"
        },
        {
            "fiscalDateEnding": "2021-12-31",
            "reportedCurrency": "USD",
            "grossProfit": "-584000000",
            "totalRevenue": "4647000000",
            "costOfRevenue": "577000000",
            "costofGoodsAndServicesSold": "3759000000",
            "operatingIncome": "415000000",
            "sellingGeneralAndAdministrative": "102000000",
            "researchAndDevelopment": "None",
            "operatingExpenses": "547000000",
            "investmentIncomeNet": "6000000",
            "netInterestIncome": "-153000000",
            "interestIncome": "6000000",
            "interestExpense": "153000000",
            "nonInterestIncome": "88000000",
            "otherNonOperatingIncome": "42000000",
            "depreciation": "None",
            "depreciationAndAmortization": "367000000",
            "incomeBeforeTax": "300000000",
            "incomeTaxExpense": "-6000000",
            "interestAndDebtExpense": "162000000",
            "netIncomeFromContinuingOperations": "301000000",
            "comprehensiveIncomeNetOfTax": "310000000",
            "ebit": "453000000",
            "ebitda": "820000000",
            "netIncome": "306000000"
        },
        {
            "fiscalDateEnding": "2021-09-30",
            "reportedCurrency": "USD",
            "grossProfit": "-677000000",
            "totalRevenue": "3715000000",
            "costOfRevenue": "139000000",
            "costofGoodsAndServicesSold": "2858000000",
            "operatingIncome": "405000000",
            "sellingGeneralAndAdministrative": "136000000",
            "researchAndDevelopment": "None",
            "operatingExpenses": "136000000",
            "investmentIncomeNet": "6000000",
            "netInterestIncome": "-156000000",
            "interestIncome": "6000000",
            "interestExpense": "156000000",
            "nonInterestIncome": "-454000000",
            "otherNonOperatingIncome": "60000000",
            "depreciation": "None",
            "depreciationAndAmortization": "344000000",
            "incomeBeforeTax": "-94000000",
            "incomeTaxExpense": "-119000000",
            "interestAndDebtExpense": "532000000",
            "netIncomeFromContinuingOperations": "58000000",
            "comprehensiveIncomeNetOfTax": "31000000",
            "ebit": "62000000",
            "ebitda": "406000000",
            "netIncome": "25000000"
        },
        {
            "fiscalDateEnding": "2021-06-30",
            "reportedCurrency": "USD",
            "grossProfit": "-388000000",
            "totalRevenue": "3229000000",
            "costOfRevenue": "141000000",
            "costofGoodsAndServicesSold": "2368000000",
            "operatingIncome": "242000000",
            "sellingGeneralAndAdministrative": "138000000",
            "researchAndDevelopment": "None",
            "operatingExpenses": "138000000",
            "investmentIncomeNet": "7000000",
            "netInterestIncome": "-190000000",
            "interestIncome": "-24000000",
            "interestExpense": "166000000",
            "nonInterestIncome": "-96000000",
            "otherNonOperatingIncome": "65000000",
            "depreciation": "None",
            "depreciationAndAmortization": "380000000",
            "incomeBeforeTax": "180000000",
            "incomeTaxExpense": "1000000",
            "interestAndDebtExpense": "182000000",
            "netIncomeFromContinuingOperations": "117000000",
            "comprehensiveIncomeNetOfTax": "181000000",
            "ebit": "346000000",
            "ebitda": "771000000",
            "netIncome": "179000000"
        },
        {
            "fiscalDateEnding": "2021-03-31",
            "reportedCurrency": "USD",
            "grossProfit": "-428000000",
            "totalRevenue": "3778000000",
            "costOfRevenue": "156000000",
            "costofGoodsAndServicesSold": "2752000000",
            "operatingIncome": "433000000",
            "sellingGeneralAndAdministrative": "122000000",
            "researchAndDevelopment": "None",
            "operatingExpenses": "122000000",
            "investmentIncomeNet": "7000000",
            "netInterestIncome": "-181000000",
            "interestIncome": "-26000000",
            "interestExpense": "155000000",
            "nonInterestIncome": "-99000000",
            "otherNonOperatingIncome": "66000000",
            "depreciation": "None",
            "depreciationAndAmortization": "368000000",
            "incomeBeforeTax": "391000000",
            "incomeTaxExpense": "-6000000",
            "interestAndDebtExpense": "181000000",
            "netIncomeFromContinuingOperations": "320000000",
            "comprehensiveIncomeNetOfTax": "400000000",
            "ebit": "546000000",
            "ebitda": "974000000",
            "netIncome": "397000000"
        },
        {
            "fiscalDateEnding": "2020-12-31",
            "reportedCurrency": "USD",
            "grossProfit": "-884000000",
            "totalRevenue": "3288000000",
            "costOfRevenue": "647000000",
            "costofGoodsAndServicesSold": "2339000000",
            "operatingIncome": "368000000",
            "sellingGeneralAndAdministrative": "104000000",
            "researchAndDevelopment": "None",
            "operatingExpenses": "578000000",
            "investmentIncomeNet": "7000000",
            "netInterestIncome": "-188000000",
            "interestIncome": "-37000000",
            "interestExpense": "151000000",
            "nonInterestIncome": "-83000000",
            "otherNonOperatingIncome": "70000000",
            "depreciation": "None",
            "depreciationAndAmortization": "384000000",
            "incomeBeforeTax": "293000000",
            "incomeTaxExpense": "18000000",
            "interestAndDebtExpense": "188000000",
            "netIncomeFromContinuingOperations": "210000000",
            "comprehensiveIncomeNetOfTax": "276000000",
            "ebit": "444000000",
            "ebitda": "896000000",
            "netIncome": "275000000"
        },
        {
            "fiscalDateEnding": "2020-09-30",
            "reportedCurrency": "USD",
            "grossProfit": "-267000000",
            "totalRevenue": "3284000000",
            "costOfRevenue": "108000000",
            "costofGoodsAndServicesSold": "2223000000",
            "operatingIncome": "479000000",
            "sellingGeneralAndAdministrative": "103000000",
            "researchAndDevelopment": "None",
            "operatingExpenses": "103000000",
            "investmentIncomeNet": "15000000",
            "netInterestIncome": "-178000000",
            "interestIncome": "-29000000",
            "interestExpense": "149000000",
            "nonInterestIncome": "-45000000",
            "otherNonOperatingIncome": "100000000",
            "depreciation": "None",
            "depreciationAndAmortization": "356000000",
            "incomeBeforeTax": "497000000",
            "incomeTaxExpense": "21000000",
            "interestAndDebtExpense": "178000000",
            "netIncomeFromContinuingOperations": "372000000",
            "comprehensiveIncomeNetOfTax": "479000000",
            "ebit": "646000000",
            "ebitda": "1073000000",
            "netIncome": "476000000"
        },
        {
            "fiscalDateEnding": "2020-06-30",
            "reportedCurrency": "USD",
            "grossProfit": "-239000000",
            "totalRevenue": "2583000000",
            "costOfRevenue": "90000000",
            "costofGoodsAndServicesSold": "1727000000",
            "operatingIncome": "263000000",
            "sellingGeneralAndAdministrative": "84000000",
            "researchAndDevelopment": "None",
            "operatingExpenses": "73000000",
            "investmentIncomeNet": "6000000",
            "netInterestIncome": "-179000000",
            "interestIncome": "6000000",
            "interestExpense": "179000000",
            "nonInterestIncome": "-7000000",
            "otherNonOperatingIncome": "95000000",
            "depreciation": "None",
            "depreciationAndAmortization": "350000000",
            "incomeBeforeTax": "283000000",
            "incomeTaxExpense": "6000000",
            "interestAndDebtExpense": "179000000",
            "netIncomeFromContinuingOperations": "277000000",
            "comprehensiveIncomeNetOfTax": "281000000",
            "ebit": "462000000",
            "ebitda": "812000000",
            "netIncome": "277000000"
        },
        {
            "fiscalDateEnding": "2020-03-31",
            "reportedCurrency": "USD",
            "grossProfit": "-278000000",
            "totalRevenue": "3022000000",
            "costOfRevenue": "163000000",
            "costofGoodsAndServicesSold": "2014000000",
            "operatingIncome": "445000000",
            "sellingGeneralAndAdministrative": "119000000",
            "researchAndDevelopment": "None",
            "operatingExpenses": "119000000",
            "investmentIncomeNet": "10000000",
            "netInterestIncome": "-175000000",
            "interestIncome": "10000000",
            "interestExpense": "175000000",
            "nonInterestIncome": "52000000",
            "otherNonOperatingIncome": "19000000",
            "depreciation": "None",
            "depreciationAndAmortization": "353000000",
            "incomeBeforeTax": "389000000",
            "incomeTaxExpense": "49000000",
            "interestAndDebtExpense": "175000000",
            "netIncomeFromContinuingOperations": "342000000",
            "comprehensiveIncomeNetOfTax": "343000000",
            "ebit": "564000000",
            "ebitda": "917000000",
            "netIncome": "340000000"
        },
        {
            "fiscalDateEnding": "2019-12-31",
            "reportedCurrency": "USD",
            "grossProfit": "-581000000",
            "totalRevenue": "3148000000",
            "costOfRevenue": "509000000",
            "costofGoodsAndServicesSold": "2289000000",
            "operatingIncome": "415000000",
            "sellingGeneralAndAdministrative": "103000000",
            "researchAndDevelopment": "None",
            "operatingExpenses": "498000000",
            "investmentIncomeNet": "6000000",
            "netInterestIncome": "-173000000",
            "interestIncome": "-73000000",
            "interestExpense": "100000000",
            "nonInterestIncome": "50000000",
            "otherNonOperatingIncome": "61000000",
            "depreciation": "None",
            "depreciationAndAmortization": "246000000",
            "incomeBeforeTax": "216000000",
            "incomeTaxExpense": "-51000000",
            "interestAndDebtExpense": "173000000",
            "netIncomeFromContinuingOperations": "51000000",
            "comprehensiveIncomeNetOfTax": "265000000",
            "ebit": "316000000",
            "ebitda": "562000000",
            "netIncome": "267000000"
        },
        {
            "fiscalDateEnding": "2019-09-30",
            "reportedCurrency": "USD",
            "grossProfit": "-228000000",
            "totalRevenue": "3119000000",
            "costOfRevenue": "117000000",
            "costofGoodsAndServicesSold": "2245000000",
            "operatingIncome": "450000000",
            "sellingGeneralAndAdministrative": "101000000",
            "researchAndDevelopment": "None",
            "operatingExpenses": "108000000",
            "investmentIncomeNet": "4000000",
            "netInterestIncome": "-162000000",
            "interestIncome": "4000000",
            "interestExpense": "162000000",
            "nonInterestIncome": "-8000000",
            "otherNonOperatingIncome": "81000000",
            "depreciation": "None",
            "depreciationAndAmortization": "7000000",
            "incomeBeforeTax": "366000000",
            "incomeTaxExpense": "47000000",
            "interestAndDebtExpense": "162000000",
            "netIncomeFromContinuingOperations": "317000000",
            "comprehensiveIncomeNetOfTax": "319000000",
            "ebit": "528000000",
            "ebitda": "535000000",
            "netIncome": "319000000"
        },
        {
            "fiscalDateEnding": "2019-06-30",
            "reportedCurrency": "USD",
            "grossProfit": "-208000000",
            "totalRevenue": "2888000000",
            "costOfRevenue": "104000000",
            "costofGoodsAndServicesSold": "2178000000",
            "operatingIncome": "300000000",
            "sellingGeneralAndAdministrative": "92000000",
            "researchAndDevelopment": "None",
            "operatingExpenses": "94000000",
            "investmentIncomeNet": "3000000",
            "netInterestIncome": "-154000000",
            "interestIncome": "3000000",
            "interestExpense": "154000000",
            "nonInterestIncome": "7000000",
            "otherNonOperatingIncome": "61000000",
            "depreciation": "None",
            "depreciationAndAmortization": "2000000",
            "incomeBeforeTax": "203000000",
            "incomeTaxExpense": "21000000",
            "interestAndDebtExpense": "154000000",
            "netIncomeFromContinuingOperations": "179000000",
            "comprehensiveIncomeNetOfTax": "179000000",
            "ebit": "357000000",
            "ebitda": "359000000",
            "netIncome": "182000000"
        },
        {
            "fiscalDateEnding": "2019-03-31",
            "reportedCurrency": "USD",
            "grossProfit": "-273000000",
            "totalRevenue": "3514000000",
            "costOfRevenue": "127000000",
            "costofGoodsAndServicesSold": "2558000000",
            "operatingIncome": "542000000",
            "sellingGeneralAndAdministrative": "118000000",
            "researchAndDevelopment": "None",
            "operatingExpenses": "118000000",
            "investmentIncomeNet": "4000000",
            "netInterestIncome": "-152000000",
            "interestIncome": "4000000",
            "interestExpense": "152000000",
            "nonInterestIncome": "6000000",
            "otherNonOperatingIncome": "77000000",
            "depreciation": "None",
            "depreciationAndAmortization": "1000000",
            "incomeBeforeTax": "455000000",
            "incomeTaxExpense": "54000000",
            "interestAndDebtExpense": "152000000",
            "netIncomeFromContinuingOperations": "408000000",
            "comprehensiveIncomeNetOfTax": "403000000",
            "ebit": "607000000",
            "ebitda": "608000000",
            "netIncome": "401000000"
        },
        {
            "fiscalDateEnding": "2018-12-31",
            "reportedCurrency": "USD",
            "grossProfit": "-567000000",
            "totalRevenue": "3750000000",
            "costOfRevenue": "531000000",
            "costofGoodsAndServicesSold": "3003000000",
            "operatingIncome": "332000000",
            "sellingGeneralAndAdministrative": "142000000",
            "researchAndDevelopment": "None",
            "operatingExpenses": "521000000",
            "investmentIncomeNet": "3000000",
            "netInterestIncome": "-147000000",
            "interestIncome": "None",
            "interestExpense": "147000000",
            "nonInterestIncome": "111000000",
            "otherNonOperatingIncome": "-5000000",
            "depreciation": "None",
            "depreciationAndAmortization": "219000000",
            "incomeBeforeTax": "168000000",
            "incomeTaxExpense": "-23000000",
            "interestAndDebtExpense": "147000000",
            "netIncomeFromContinuingOperations": "332000000",
            "comprehensiveIncomeNetOfTax": "189000000",
            "ebit": "315000000",
            "ebitda": "534000000",
            "netIncome": "191000000"
        },
        {
            "fiscalDateEnding": "2018-09-30",
            "reportedCurrency": "USD",
            "grossProfit": "-261000000",
            "totalRevenue": "3550000000",
            "costOfRevenue": "108000000",
            "costofGoodsAndServicesSold": "2739000000",
            "operatingIncome": "429000000",
            "sellingGeneralAndAdministrative": "99000000",
            "researchAndDevelopment": "None",
            "operatingExpenses": "99000000",
            "investmentIncomeNet": "3000000",
            "netInterestIncome": "-142000000",
            "interestIncome": "None",
            "interestExpense": "142000000",
            "nonInterestIncome": "-11000000",
            "otherNonOperatingIncome": "88000000",
            "depreciation": "None",
            "depreciationAndAmortization": "7000000",
            "incomeBeforeTax": "368000000",
            "incomeTaxExpense": "34000000",
            "interestAndDebtExpense": "142000000",
            "netIncomeFromContinuingOperations": "335000000",
            "comprehensiveIncomeNetOfTax": "337000000",
            "ebit": "510000000",
            "ebitda": "517000000",
            "netIncome": "334000000"
        },
        {
            "fiscalDateEnding": "2018-06-30",
            "reportedCurrency": "USD",
            "grossProfit": "-241000000",
            "totalRevenue": "3159000000",
            "costOfRevenue": "106000000",
            "costofGoodsAndServicesSold": "2460000000",
            "operatingIncome": "329000000",
            "sellingGeneralAndAdministrative": "97000000",
            "researchAndDevelopment": "None",
            "operatingExpenses": "97000000",
            "investmentIncomeNet": "3000000",
            "netInterestIncome": "-135000000",
            "interestIncome": "None",
            "interestExpense": "135000000",
            "nonInterestIncome": "-146000000",
            "otherNonOperatingIncome": "67000000",
            "depreciation": "None",
            "depreciationAndAmortization": "272000000",
            "incomeBeforeTax": "253000000",
            "incomeTaxExpense": "19000000",
            "interestAndDebtExpense": "135000000",
            "netIncomeFromContinuingOperations": "236000000",
            "comprehensiveIncomeNetOfTax": "236000000",
            "ebit": "388000000",
            "ebitda": "660000000",
            "netIncome": "234000000"
        },
        {
            "fiscalDateEnding": "2018-03-31",
            "reportedCurrency": "USD",
            "grossProfit": "3361000000",
            "totalRevenue": "3753000000",
            "costOfRevenue": "392000000",
            "costofGoodsAndServicesSold": "281000000",
            "operatingIncome": "504000000",
            "sellingGeneralAndAdministrative": "111000000",
            "researchAndDevelopment": "None",
            "operatingExpenses": "111000000",
            "investmentIncomeNet": "3000000",
            "netInterestIncome": "-135000000",
            "interestIncome": "None",
            "interestExpense": "135000000",
            "nonInterestIncome": "72000000",
            "otherNonOperatingIncome": "56000000",
            "depreciation": "None",
            "depreciationAndAmortization": "281000000",
            "incomeBeforeTax": "429000000",
            "incomeTaxExpense": "68000000",
            "interestAndDebtExpense": "135000000",
            "netIncomeFromContinuingOperations": "351000000",
            "comprehensiveIncomeNetOfTax": "363000000",
            "ebit": "564000000",
            "ebitda": "845000000",
            "netIncome": "361000000"
        }
    ]
}