{
    "symbol": "FTV",
    "annualReports": [
        {
            "fiscalDateEnding": "2022-12-31",
            "reportedCurrency": "USD",
            "grossProfit": "3363400000",
            "totalRevenue": "5709200000",
            "costOfRevenue": "4800900000",
            "costofGoodsAndServicesSold": "2462300000",
            "operatingIncome": "987400000",
            "sellingGeneralAndAdministrative": "1956600000",
            "researchAndDevelopment": "401500000",
            "operatingExpenses": "2754100000",
            "investmentIncomeNet": "None",
            "netInterestIncome": "-98300000",
            "interestIncome": "98300000",
            "interestExpense": "98300000",
            "nonInterestIncome": "5807500000",
            "otherNonOperatingIncome": "-15600000",
            "depreciation": "83500000",
            "depreciationAndAmortization": "382000000",
            "incomeBeforeTax": "873500000",
            "incomeTaxExpense": "118300000",
            "interestAndDebtExpense": "98300000",
            "netIncomeFromContinuingOperations": "755200000",
            "comprehensiveIncomeNetOfTax": "614500000",
            "ebit": "987400000",
            "ebitda": "1353800000",
            "netIncome": "755200000"
        },
        {
            "fiscalDateEnding": "2021-12-31",
            "reportedCurrency": "USD",
            "grossProfit": "3007100000",
            "totalRevenue": "5059600000",
            "costOfRevenue": "4426800000",
            "costofGoodsAndServicesSold": "2247600000",
            "operatingIncome": "812800000",
            "sellingGeneralAndAdministrative": "1839500000",
            "researchAndDevelopment": "354800000",
            "operatingExpenses": "2511200000",
            "investmentIncomeNet": "None",
            "netInterestIncome": "-103200000",
            "interestIncome": "103200000",
            "interestExpense": "103200000",
            "nonInterestIncome": "5149800000",
            "otherNonOperatingIncome": "-14100000",
            "depreciation": "74700000",
            "depreciationAndAmortization": "321000000",
            "incomeBeforeTax": "671700000",
            "incomeTaxExpense": "63300000",
            "interestAndDebtExpense": "208100000",
            "netIncomeFromContinuingOperations": "614200000",
            "comprehensiveIncomeNetOfTax": "564500000",
            "ebit": "812800000",
            "ebitda": "1095900000",
            "netIncome": "608400000"
        },
        {
            "fiscalDateEnding": "2020-12-31",
            "reportedCurrency": "USD",
            "grossProfit": "2608500000",
            "totalRevenue": "4504200000",
            "costOfRevenue": "4111100000",
            "costofGoodsAndServicesSold": "2025900000",
            "operatingIncome": "539400000",
            "sellingGeneralAndAdministrative": "1748400000",
            "researchAndDevelopment": "320700000",
            "operatingExpenses": "2413000000",
            "investmentIncomeNet": "None",
            "netInterestIncome": "-148500000",
            "interestIncome": "970700000",
            "interestExpense": "148500000",
            "nonInterestIncome": "4634400000",
            "otherNonOperatingIncome": "-2400000",
            "depreciation": "74100000",
            "depreciationAndAmortization": "310000000",
            "incomeBeforeTax": "1668800000",
            "incomeTaxExpense": "55500000",
            "interestAndDebtExpense": "148500000",
            "netIncomeFromContinuingOperations": "1452200000",
            "comprehensiveIncomeNetOfTax": "1664100000",
            "ebit": "539400000",
            "ebitda": "2127300000",
            "netIncome": "1613300000"
        },
        {
            "fiscalDateEnding": "2019-12-31",
            "reportedCurrency": "USD",
            "grossProfit": "2483200000",
            "totalRevenue": "7208600000",
            "costOfRevenue": "6208800000",
            "costofGoodsAndServicesSold": "2080700000",
            "operatingIncome": "443900000",
            "sellingGeneralAndAdministrative": "1719000000",
            "researchAndDevelopment": "320300000",
            "operatingExpenses": "3049000000",
            "investmentIncomeNet": "None",
            "netInterestIncome": "-164200000",
            "interestIncome": "-21600000",
            "interestExpense": "142600000",
            "nonInterestIncome": "7360800000",
            "otherNonOperatingIncome": "-5400000",
            "depreciation": "80500000",
            "depreciationAndAmortization": "293000000",
            "incomeBeforeTax": "807500000",
            "incomeTaxExpense": "68600000",
            "interestAndDebtExpense": "164200000",
            "netIncomeFromContinuingOperations": "268100000",
            "comprehensiveIncomeNetOfTax": "769200000",
            "ebit": "443900000",
            "ebitda": "1243100000",
            "netIncome": "738900000"
        },
        {
            "fiscalDateEnding": "2018-12-31",
            "reportedCurrency": "USD",
            "grossProfit": "2186200000",
            "totalRevenue": "6452700000",
            "costOfRevenue": "4266500000",
            "costofGoodsAndServicesSold": "1614200000",
            "operatingIncome": "645300000",
            "sellingGeneralAndAdministrative": "1262800000",
            "researchAndDevelopment": "278100000",
            "operatingExpenses": "2333900000",
            "investmentIncomeNet": "None",
            "netInterestIncome": "-97000000",
            "interestIncome": "-19800000",
            "interestExpense": "77200000",
            "nonInterestIncome": "6452700000",
            "otherNonOperatingIncome": "-2300000",
            "depreciation": "69700000",
            "depreciationAndAmortization": "135000000",
            "incomeBeforeTax": "2989400000",
            "incomeTaxExpense": "75600000",
            "interestAndDebtExpense": "97000000",
            "netIncomeFromContinuingOperations": "490200000",
            "comprehensiveIncomeNetOfTax": "2790100000",
            "ebit": "645300000",
            "ebitda": "3201600000",
            "netIncome": "2913800000"
        }
    ],
    "quarterlyReports": [
        {
            "fiscalDateEnding": "2022-12-31",
            "reportedCurrency": "USD",
            "grossProfit": "892500000",
            "totalRevenue": "1479600000",
            "costOfRevenue": "1519200000",
            "costofGoodsAndServicesSold": "637400000",
            "operatingIncome": "290900000",
            "sellingGeneralAndAdministrative": "499800000",
            "researchAndDevelopment": "101200000",
            "operatingExpenses": "986100000",
            "investmentIncomeNet": "None",
            "netInterestIncome": "-32100000",
            "interestIncome": "32100000",
            "interestExpense": "32100000",
            "nonInterestIncome": "1511700000",
            "otherNonOperatingIncome": "-1800000",
            "depreciation": "21900000",
            "depreciationAndAmortization": "None",
            "incomeBeforeTax": "257000000",
            "incomeTaxExpense": "29800000",
            "interestAndDebtExpense": "32100000",
            "netIncomeFromContinuingOperations": "227200000",
            "comprehensiveIncomeNetOfTax": "355200000",
            "ebit": "290900000",
            "ebitda": "289100000",
            "netIncome": "227200000"
        },
        {
            "fiscalDateEnding": "2022-09-30",
            "reportedCurrency": "USD",
            "grossProfit": "845400000",
            "totalRevenue": "1429600000",
            "costOfRevenue": "1101900000",
            "costofGoodsAndServicesSold": "610600000",
            "operatingIncome": "251900000",
            "sellingGeneralAndAdministrative": "491300000",
            "researchAndDevelopment": "101100000",
            "operatingExpenses": "592400000",
            "investmentIncomeNet": "None",
            "netInterestIncome": "-26400000",
            "interestIncome": "26400000",
            "interestExpense": "26400000",
            "nonInterestIncome": "1456000000",
            "otherNonOperatingIncome": "-8000000",
            "depreciation": "19700000",
            "depreciationAndAmortization": "115000000",
            "incomeBeforeTax": "217500000",
            "incomeTaxExpense": "27600000",
            "interestAndDebtExpense": "26400000",
            "netIncomeFromContinuingOperations": "189900000",
            "comprehensiveIncomeNetOfTax": "78300000",
            "ebit": "251900000",
            "ebitda": "358900000",
            "netIncome": "189900000"
        },
        {
            "fiscalDateEnding": "2021-12-31",
            "reportedCurrency": "USD",
            "grossProfit": "794000000",
            "totalRevenue": "1374800000",
            "costOfRevenue": "1419900000",
            "costofGoodsAndServicesSold": "580800000",
            "operatingIncome": "201600000",
            "sellingGeneralAndAdministrative": "499400000",
            "researchAndDevelopment": "93000000",
            "operatingExpenses": "935300000",
            "investmentIncomeNet": "None",
            "netInterestIncome": "-25200000",
            "interestIncome": "25200000",
            "interestExpense": "25200000",
            "nonInterestIncome": "1374800000",
            "otherNonOperatingIncome": "-4600000",
            "depreciation": "18600000",
            "depreciationAndAmortization": "104000000",
            "incomeBeforeTax": "172800000",
            "incomeTaxExpense": "7800000",
            "interestAndDebtExpense": "25200000",
            "netIncomeFromContinuingOperations": "167900000",
            "comprehensiveIncomeNetOfTax": "165000000",
            "ebit": "201600000",
            "ebitda": "253100000",
            "netIncome": "165000000"
        },
        {
            "fiscalDateEnding": "2021-09-30",
            "reportedCurrency": "USD",
            "grossProfit": "745700000",
            "totalRevenue": "1301000000",
            "costOfRevenue": "1010900000",
            "costofGoodsAndServicesSold": "555300000",
            "operatingIncome": "202300000",
            "sellingGeneralAndAdministrative": "455600000",
            "researchAndDevelopment": "87800000",
            "operatingExpenses": "543400000",
            "investmentIncomeNet": "None",
            "netInterestIncome": "-25100000",
            "interestIncome": "25100000",
            "interestExpense": "25100000",
            "nonInterestIncome": "1301000000",
            "otherNonOperatingIncome": "-1600000",
            "depreciation": "18400000",
            "depreciationAndAmortization": "98800000",
            "incomeBeforeTax": "175300000",
            "incomeTaxExpense": "23000000",
            "interestAndDebtExpense": "25100000",
            "netIncomeFromContinuingOperations": "152600000",
            "comprehensiveIncomeNetOfTax": "152300000",
            "ebit": "202300000",
            "ebitda": "247500000",
            "netIncome": "152300000"
        },
        {
            "fiscalDateEnding": "2021-06-30",
            "reportedCurrency": "USD",
            "grossProfit": "755500000",
            "totalRevenue": "1319700000",
            "costOfRevenue": "1020600000",
            "costofGoodsAndServicesSold": "564200000",
            "operatingIncome": "211300000",
            "sellingGeneralAndAdministrative": "456400000",
            "researchAndDevelopment": "87800000",
            "operatingExpenses": "518200000",
            "investmentIncomeNet": "None",
            "netInterestIncome": "-25200000",
            "interestIncome": "25200000",
            "interestExpense": "25200000",
            "nonInterestIncome": "1319700000",
            "otherNonOperatingIncome": "-4600000",
            "depreciation": "18200000",
            "depreciationAndAmortization": "95700000",
            "incomeBeforeTax": "206400000",
            "incomeTaxExpense": "25500000",
            "interestAndDebtExpense": "25200000",
            "netIncomeFromContinuingOperations": "182000000",
            "comprehensiveIncomeNetOfTax": "180900000",
            "ebit": "211300000",
            "ebitda": "276900000",
            "netIncome": "180900000"
        },
        {
            "fiscalDateEnding": "2021-03-31",
            "reportedCurrency": "USD",
            "grossProfit": "711900000",
            "totalRevenue": "1259200000",
            "costOfRevenue": "975400000",
            "costofGoodsAndServicesSold": "547300000",
            "operatingIncome": "197600000",
            "sellingGeneralAndAdministrative": "428100000",
            "researchAndDevelopment": "86200000",
            "operatingExpenses": "514300000",
            "investmentIncomeNet": "None",
            "netInterestIncome": "-27700000",
            "interestIncome": "27700000",
            "interestExpense": "27700000",
            "nonInterestIncome": "1259200000",
            "otherNonOperatingIncome": "-3300000",
            "depreciation": "19500000",
            "depreciationAndAmortization": "97000000",
            "incomeBeforeTax": "117200000",
            "incomeTaxExpense": "7000000",
            "interestAndDebtExpense": "132600000",
            "netIncomeFromContinuingOperations": "111700000",
            "comprehensiveIncomeNetOfTax": "110200000",
            "ebit": "197600000",
            "ebitda": "241900000",
            "netIncome": "110200000"
        },
        {
            "fiscalDateEnding": "2020-12-31",
            "reportedCurrency": "USD",
            "grossProfit": "762100000",
            "totalRevenue": "1324900000",
            "costOfRevenue": "-123800000",
            "costofGoodsAndServicesSold": "562800000",
            "operatingIncome": "183900000",
            "sellingGeneralAndAdministrative": "495000000",
            "researchAndDevelopment": "83300000",
            "operatingExpenses": "365900000",
            "investmentIncomeNet": "None",
            "netInterestIncome": "-17800000",
            "interestIncome": "19000000",
            "interestExpense": "36800000",
            "nonInterestIncome": "1324900000",
            "otherNonOperatingIncome": "-2100000",
            "depreciation": "13800000",
            "depreciationAndAmortization": "31400000",
            "incomeBeforeTax": "1228100000",
            "incomeTaxExpense": "12500000",
            "interestAndDebtExpense": "17800000",
            "netIncomeFromContinuingOperations": "1251600000",
            "comprehensiveIncomeNetOfTax": "1215600000",
            "ebit": "183900000",
            "ebitda": "1229000000",
            "netIncome": "1215600000"
        },
        {
            "fiscalDateEnding": "2020-09-30",
            "reportedCurrency": "USD",
            "grossProfit": "651600000",
            "totalRevenue": "1858400000",
            "costOfRevenue": "1481200000",
            "costofGoodsAndServicesSold": "508200000",
            "operatingIncome": "137500000",
            "sellingGeneralAndAdministrative": "434800000",
            "researchAndDevelopment": "79200000",
            "operatingExpenses": "673000000",
            "investmentIncomeNet": "None",
            "netInterestIncome": "-43900000",
            "interestIncome": "-7000000",
            "interestExpense": "36900000",
            "nonInterestIncome": "1902300000",
            "otherNonOperatingIncome": "-1400000",
            "depreciation": "18000000",
            "depreciationAndAmortization": "115900000",
            "incomeBeforeTax": "239100000",
            "incomeTaxExpense": "13300000",
            "interestAndDebtExpense": "43900000",
            "netIncomeFromContinuingOperations": "86000000",
            "comprehensiveIncomeNetOfTax": "290700000",
            "ebit": "137500000",
            "ebitda": "424900000",
            "netIncome": "225800000"
        },
        {
            "fiscalDateEnding": "2020-06-30",
            "reportedCurrency": "USD",
            "grossProfit": "582800000",
            "totalRevenue": "1528000000",
            "costOfRevenue": "1273500000",
            "costofGoodsAndServicesSold": "458800000",
            "operatingIncome": "102600000",
            "sellingGeneralAndAdministrative": "402800000",
            "researchAndDevelopment": "77400000",
            "operatingExpenses": "623200000",
            "investmentIncomeNet": "None",
            "netInterestIncome": "-43200000",
            "interestIncome": "-7000000",
            "interestExpense": "36200000",
            "nonInterestIncome": "1571200000",
            "otherNonOperatingIncome": "5600000",
            "depreciation": "22100000",
            "depreciationAndAmortization": "119100000",
            "incomeBeforeTax": "142200000",
            "incomeTaxExpense": "12200000",
            "interestAndDebtExpense": "43200000",
            "netIncomeFromContinuingOperations": "59800000",
            "comprehensiveIncomeNetOfTax": "167000000",
            "ebit": "102600000",
            "ebitda": "315200000",
            "netIncome": "130000000"
        },
        {
            "fiscalDateEnding": "2020-03-31",
            "reportedCurrency": "USD",
            "grossProfit": "612000000",
            "totalRevenue": "1669900000",
            "costOfRevenue": "1480200000",
            "costofGoodsAndServicesSold": "496100000",
            "operatingIncome": "115400000",
            "sellingGeneralAndAdministrative": "415800000",
            "researchAndDevelopment": "80800000",
            "operatingExpenses": "756200000",
            "investmentIncomeNet": "None",
            "netInterestIncome": "-43600000",
            "interestIncome": "-5000000",
            "interestExpense": "38600000",
            "nonInterestIncome": "1713500000",
            "otherNonOperatingIncome": "-4500000",
            "depreciation": "20200000",
            "depreciationAndAmortization": "117600000",
            "incomeBeforeTax": "59400000",
            "incomeTaxExpense": "17500000",
            "interestAndDebtExpense": "43600000",
            "netIncomeFromContinuingOperations": "54800000",
            "comprehensiveIncomeNetOfTax": "-95400000",
            "ebit": "115400000",
            "ebitda": "145000000",
            "netIncome": "41900000"
        },
        {
            "fiscalDateEnding": "2019-12-31",
            "reportedCurrency": "USD",
            "grossProfit": "707100000",
            "totalRevenue": "2002400000",
            "costOfRevenue": "1945600000",
            "costofGoodsAndServicesSold": "-592500000",
            "operatingIncome": "139900000",
            "sellingGeneralAndAdministrative": "129000000",
            "researchAndDevelopment": "-25200000",
            "operatingExpenses": "1154700000",
            "investmentIncomeNet": "None",
            "netInterestIncome": "-47500000",
            "interestIncome": "-21600000",
            "interestExpense": "25900000",
            "nonInterestIncome": "2002400000",
            "otherNonOperatingIncome": "-3800000",
            "depreciation": "-17200000",
            "depreciationAndAmortization": "117100000",
            "incomeBeforeTax": "176200000",
            "incomeTaxExpense": "-16600000",
            "interestAndDebtExpense": "47500000",
            "netIncomeFromContinuingOperations": "-278500000",
            "comprehensiveIncomeNetOfTax": "192800000",
            "ebit": "139900000",
            "ebitda": "326300000",
            "netIncome": "192800000"
        },
        {
            "fiscalDateEnding": "2019-09-30",
            "reportedCurrency": "USD",
            "grossProfit": "618700000",
            "totalRevenue": "1854200000",
            "costOfRevenue": "1498800000",
            "costofGoodsAndServicesSold": "932300000",
            "operatingIncome": "96400000",
            "sellingGeneralAndAdministrative": "566500000",
            "researchAndDevelopment": "119100000",
            "operatingExpenses": "644400000",
            "investmentIncomeNet": "None",
            "netInterestIncome": "-47000000",
            "interestIncome": "47000000",
            "interestExpense": "47000000",
            "nonInterestIncome": "1901200000",
            "otherNonOperatingIncome": "-1200000",
            "depreciation": "35000000",
            "depreciationAndAmortization": "116800000",
            "incomeBeforeTax": "234900000",
            "incomeTaxExpense": "27800000",
            "interestAndDebtExpense": "47000000",
            "netIncomeFromContinuingOperations": "207300000",
            "comprehensiveIncomeNetOfTax": "155100000",
            "ebit": "96400000",
            "ebitda": "304700000",
            "netIncome": "207100000"
        },
        {
            "fiscalDateEnding": "2019-06-30",
            "reportedCurrency": "USD",
            "grossProfit": "605800000",
            "totalRevenue": "1820300000",
            "costOfRevenue": "1497800000",
            "costofGoodsAndServicesSold": "960700000",
            "operatingIncome": "95600000",
            "sellingGeneralAndAdministrative": "537100000",
            "researchAndDevelopment": "117400000",
            "operatingExpenses": "654500000",
            "investmentIncomeNet": "None",
            "netInterestIncome": "-44400000",
            "interestIncome": "44400000",
            "interestExpense": "44400000",
            "nonInterestIncome": "1864700000",
            "otherNonOperatingIncome": "-800000",
            "depreciation": "33000000",
            "depreciationAndAmortization": "110400000",
            "incomeBeforeTax": "203600000",
            "incomeTaxExpense": "29000000",
            "interestAndDebtExpense": "44400000",
            "netIncomeFromContinuingOperations": "175300000",
            "comprehensiveIncomeNetOfTax": "176400000",
            "ebit": "95600000",
            "ebitda": "269600000",
            "netIncome": "174600000"
        },
        {
            "fiscalDateEnding": "2019-03-31",
            "reportedCurrency": "USD",
            "grossProfit": "551600000",
            "totalRevenue": "1567600000",
            "costOfRevenue": "1266600000",
            "costofGoodsAndServicesSold": "780200000",
            "operatingIncome": "112000000",
            "sellingGeneralAndAdministrative": "486400000",
            "researchAndDevelopment": "109000000",
            "operatingExpenses": "595400000",
            "investmentIncomeNet": "None",
            "netInterestIncome": "-25300000",
            "interestIncome": "None",
            "interestExpense": "25300000",
            "nonInterestIncome": "1592900000",
            "otherNonOperatingIncome": "400000",
            "depreciation": "29700000",
            "depreciationAndAmortization": "81900000",
            "incomeBeforeTax": "192800000",
            "incomeTaxExpense": "28400000",
            "interestAndDebtExpense": "25300000",
            "netIncomeFromContinuingOperations": "164000000",
            "comprehensiveIncomeNetOfTax": "181600000",
            "ebit": "112000000",
            "ebitda": "249400000",
            "netIncome": "164400000"
        },
        {
            "fiscalDateEnding": "2018-12-31",
            "reportedCurrency": "USD",
            "grossProfit": "898300000",
            "totalRevenue": "1015900000",
            "costOfRevenue": "117600000",
            "costofGoodsAndServicesSold": "-658000000",
            "operatingIncome": "294500000",
            "sellingGeneralAndAdministrative": "29200000",
            "researchAndDevelopment": "-27400000",
            "operatingExpenses": "571200000",
            "investmentIncomeNet": "None",
            "netInterestIncome": "-22700000",
            "interestIncome": "-15800000",
            "interestExpense": "6900000",
            "nonInterestIncome": "1757500000",
            "otherNonOperatingIncome": "300000",
            "depreciation": "-21500000",
            "depreciationAndAmortization": "76000000",
            "incomeBeforeTax": "2055100000",
            "incomeTaxExpense": "-57200000",
            "interestAndDebtExpense": "22700000",
            "netIncomeFromContinuingOperations": "-188000000",
            "comprehensiveIncomeNetOfTax": "2112300000",
            "ebit": "294500000",
            "ebitda": "2211400000",
            "netIncome": "2112300000"
        },
        {
            "fiscalDateEnding": "2018-09-30",
            "reportedCurrency": "USD",
            "grossProfit": "825900000",
            "totalRevenue": "1840100000",
            "costOfRevenue": "1014200000",
            "costofGoodsAndServicesSold": "775300000",
            "operatingIncome": "281600000",
            "sellingGeneralAndAdministrative": "440600000",
            "researchAndDevelopment": "103700000",
            "operatingExpenses": "658900000",
            "investmentIncomeNet": "None",
            "netInterestIncome": "-24400000",
            "interestIncome": "-1300000",
            "interestExpense": "23100000",
            "nonInterestIncome": "1601200000",
            "otherNonOperatingIncome": "-800000",
            "depreciation": "30100000",
            "depreciationAndAmortization": "66600000",
            "incomeBeforeTax": "289000000",
            "incomeTaxExpense": "43700000",
            "interestAndDebtExpense": "24400000",
            "netIncomeFromContinuingOperations": "214000000",
            "comprehensiveIncomeNetOfTax": "222100000",
            "ebit": "281600000",
            "ebitda": "387200000",
            "netIncome": "245300000"
        },
        {
            "fiscalDateEnding": "2018-06-30",
            "reportedCurrency": "USD",
            "grossProfit": "830800000",
            "totalRevenue": "1856000000",
            "costOfRevenue": "1025200000",
            "costofGoodsAndServicesSold": "771000000",
            "operatingIncome": "324400000",
            "sellingGeneralAndAdministrative": "404500000",
            "researchAndDevelopment": "101900000",
            "operatingExpenses": "556500000",
            "investmentIncomeNet": "None",
            "netInterestIncome": "-25300000",
            "interestIncome": "-1400000",
            "interestExpense": "23900000",
            "nonInterestIncome": "1601800000",
            "otherNonOperatingIncome": "-1100000",
            "depreciation": "30100000",
            "depreciationAndAmortization": "58200000",
            "incomeBeforeTax": "344200000",
            "incomeTaxExpense": "49200000",
            "interestAndDebtExpense": "25300000",
            "netIncomeFromContinuingOperations": "250200000",
            "comprehensiveIncomeNetOfTax": "195900000",
            "ebit": "324400000",
            "ebitda": "439500000",
            "netIncome": "295000000"
        },
        {
            "fiscalDateEnding": "2018-03-31",
            "reportedCurrency": "USD",
            "grossProfit": "766300000",
            "totalRevenue": "1740700000",
            "costOfRevenue": "974400000",
            "costofGoodsAndServicesSold": "725900000",
            "operatingIncome": "277900000",
            "sellingGeneralAndAdministrative": "388500000",
            "researchAndDevelopment": "99900000",
            "operatingExpenses": "532600000",
            "investmentIncomeNet": "None",
            "netInterestIncome": "-24600000",
            "interestIncome": "-1300000",
            "interestExpense": "23300000",
            "nonInterestIncome": "1492200000",
            "otherNonOperatingIncome": "-700000",
            "depreciation": "31000000",
            "depreciationAndAmortization": "60000000",
            "incomeBeforeTax": "301100000",
            "incomeTaxExpense": "39900000",
            "interestAndDebtExpense": "24600000",
            "netIncomeFromContinuingOperations": "214000000",
            "comprehensiveIncomeNetOfTax": "298300000",
            "ebit": "277900000",
            "ebitda": "397500000",
            "netIncome": "261200000"
        },
        {
            "fiscalDateEnding": "2017-12-31",
            "reportedCurrency": "USD",
            "grossProfit": "813600000",
            "totalRevenue": "906800000",
            "costOfRevenue": "93200000",
            "costofGoodsAndServicesSold": "373900000",
            "operatingIncome": "305000000",
            "sellingGeneralAndAdministrative": "319300000",
            "researchAndDevelopment": "72000000",
            "operatingExpenses": "676200000",
            "investmentIncomeNet": "None",
            "netInterestIncome": "-20500000",
            "interestIncome": "None",
            "interestExpense": "20500000",
            "nonInterestIncome": "1577900000",
            "otherNonOperatingIncome": "6300000",
            "depreciation": "20900000",
            "depreciationAndAmortization": "60400000",
            "incomeBeforeTax": "287600000",
            "incomeTaxExpense": "-49300000",
            "interestAndDebtExpense": "20500000",
            "netIncomeFromContinuingOperations": "176700000",
            "comprehensiveIncomeNetOfTax": "336900000",
            "ebit": "305000000",
            "ebitda": "416200000",
            "netIncome": "336900000"
        },
        {
            "fiscalDateEnding": "2017-09-30",
            "reportedCurrency": "USD",
            "grossProfit": "744800000",
            "totalRevenue": "1685300000",
            "costOfRevenue": "940500000",
            "costofGoodsAndServicesSold": "845900000",
            "operatingIncome": "301400000",
            "sellingGeneralAndAdministrative": "380700000",
            "researchAndDevelopment": "102000000",
            "operatingExpenses": "483500000",
            "investmentIncomeNet": "None",
            "netInterestIncome": "-22900000",
            "interestIncome": "None",
            "interestExpense": "22900000",
            "nonInterestIncome": "1460600000",
            "otherNonOperatingIncome": "-800000",
            "depreciation": "25200000",
            "depreciationAndAmortization": "None",
            "incomeBeforeTax": "348300000",
            "incomeTaxExpense": "80500000",
            "interestAndDebtExpense": "22900000",
            "netIncomeFromContinuingOperations": "267800000",
            "comprehensiveIncomeNetOfTax": "306800000",
            "ebit": "301400000",
            "ebitda": "None",
            "netIncome": "267800000"
        }
    ]
}