{
    "symbol": "GLW",
    "annualReports": [
        {
            "fiscalDateEnding": "2022-12-31",
            "reportedCurrency": "USD",
            "grossProfit": "4506000000",
            "totalRevenue": "14189000000",
            "costOfRevenue": "9683000000",
            "costofGoodsAndServicesSold": "9683000000",
            "operatingIncome": "1438000000",
            "sellingGeneralAndAdministrative": "1898000000",
            "researchAndDevelopment": "900000000",
            "operatingExpenses": "3524000000",
            "investmentIncomeNet": "15000000",
            "netInterestIncome": "-48000000",
            "interestIncome": "15000000",
            "interestExpense": "48000000",
            "nonInterestIncome": "62000000",
            "otherNonOperatingIncome": "285000000",
            "depreciation": "1329000000",
            "depreciationAndAmortization": "123000000",
            "incomeBeforeTax": "1727000000",
            "incomeTaxExpense": "411000000",
            "interestAndDebtExpense": "292000000",
            "netIncomeFromContinuingOperations": "1386000000",
            "comprehensiveIncomeNetOfTax": "661000000",
            "ebit": "1438000000",
            "ebitda": "1898000000",
            "netIncome": "1316000000"
        },
        {
            "fiscalDateEnding": "2021-12-31",
            "reportedCurrency": "USD",
            "grossProfit": "5063000000",
            "totalRevenue": "14082000000",
            "costOfRevenue": "9019000000",
            "costofGoodsAndServicesSold": "9019000000",
            "operatingIncome": "2112000000",
            "sellingGeneralAndAdministrative": "1827000000",
            "researchAndDevelopment": "800000000",
            "operatingExpenses": "2940000000",
            "investmentIncomeNet": "11000000",
            "netInterestIncome": "-44000000",
            "interestIncome": "11000000",
            "interestExpense": "44000000",
            "nonInterestIncome": "49000000",
            "otherNonOperatingIncome": "249000000",
            "depreciation": "1352000000",
            "depreciationAndAmortization": "146000000",
            "incomeBeforeTax": "2397000000",
            "incomeTaxExpense": "491000000",
            "interestAndDebtExpense": "300000000",
            "netIncomeFromContinuingOperations": "1906000000",
            "comprehensiveIncomeNetOfTax": "1471000000",
            "ebit": "2112000000",
            "ebitda": "2587000000",
            "netIncome": "1906000000"
        },
        {
            "fiscalDateEnding": "2020-12-31",
            "reportedCurrency": "USD",
            "grossProfit": "3531000000",
            "totalRevenue": "11303000000",
            "costOfRevenue": "7772000000",
            "costofGoodsAndServicesSold": "7772000000",
            "operatingIncome": "509000000",
            "sellingGeneralAndAdministrative": "1747000000",
            "researchAndDevelopment": "1000000000",
            "operatingExpenses": "4065000000",
            "investmentIncomeNet": "15000000",
            "netInterestIncome": "-65000000",
            "interestIncome": "15000000",
            "interestExpense": "65000000",
            "nonInterestIncome": "96000000",
            "otherNonOperatingIncome": "-74000000",
            "depreciation": "1399000000",
            "depreciationAndAmortization": "136000000",
            "incomeBeforeTax": "623000000",
            "incomeTaxExpense": "111000000",
            "interestAndDebtExpense": "276000000",
            "netIncomeFromContinuingOperations": "512000000",
            "comprehensiveIncomeNetOfTax": "943000000",
            "ebit": "509000000",
            "ebitda": "824000000",
            "netIncome": "512000000"
        },
        {
            "fiscalDateEnding": "2019-12-31",
            "reportedCurrency": "USD",
            "grossProfit": "4035000000",
            "totalRevenue": "11503000000",
            "costOfRevenue": "7468000000",
            "costofGoodsAndServicesSold": "105000000",
            "operatingIncome": "1306000000",
            "sellingGeneralAndAdministrative": "1585000000",
            "researchAndDevelopment": "800000000",
            "operatingExpenses": "3018000000",
            "investmentIncomeNet": "21000000",
            "netInterestIncome": "-54000000",
            "interestIncome": "21000000",
            "interestExpense": "54000000",
            "nonInterestIncome": "-52000000",
            "otherNonOperatingIncome": "-155000000",
            "depreciation": "1390000000",
            "depreciationAndAmortization": "113000000",
            "incomeBeforeTax": "1216000000",
            "incomeTaxExpense": "256000000",
            "interestAndDebtExpense": "221000000",
            "netIncomeFromContinuingOperations": "960000000",
            "comprehensiveIncomeNetOfTax": "799000000",
            "ebit": "1306000000",
            "ebitda": "1383000000",
            "netIncome": "960000000"
        },
        {
            "fiscalDateEnding": "2018-12-31",
            "reportedCurrency": "USD",
            "grossProfit": "4461000000",
            "totalRevenue": "11290000000",
            "costOfRevenue": "6829000000",
            "costofGoodsAndServicesSold": "6829000000",
            "operatingIncome": "1575000000",
            "sellingGeneralAndAdministrative": "1799000000",
            "researchAndDevelopment": "807000000",
            "operatingExpenses": "2700000000",
            "investmentIncomeNet": "38000000",
            "netInterestIncome": "-49000000",
            "interestIncome": "38000000",
            "interestExpense": "49000000",
            "nonInterestIncome": "-93000000",
            "otherNonOperatingIncome": "-216000000",
            "depreciation": "1199000000",
            "depreciationAndAmortization": "94000000",
            "incomeBeforeTax": "1503000000",
            "incomeTaxExpense": "437000000",
            "interestAndDebtExpense": "191000000",
            "netIncomeFromContinuingOperations": "1066000000",
            "comprehensiveIncomeNetOfTax": "898000000",
            "ebit": "1575000000",
            "ebitda": "1646000000",
            "netIncome": "1066000000"
        }
    ],
    "quarterlyReports": [
        {
            "fiscalDateEnding": "2022-12-31",
            "reportedCurrency": "USD",
            "grossProfit": "915000000",
            "totalRevenue": "3406000000",
            "costOfRevenue": "2491000000",
            "costofGoodsAndServicesSold": "2491000000",
            "operatingIncome": "86000000",
            "sellingGeneralAndAdministrative": "517000000",
            "researchAndDevelopment": "281000000",
            "operatingExpenses": "2104000000",
            "investmentIncomeNet": "6000000",
            "netInterestIncome": "-70000000",
            "interestIncome": "24000000",
            "interestExpense": "76000000",
            "nonInterestIncome": "149000000",
            "otherNonOperatingIncome": "-106000000",
            "depreciation": "315000000",
            "depreciationAndAmortization": "31000000",
            "incomeBeforeTax": "-5000000",
            "incomeTaxExpense": "31000000",
            "interestAndDebtExpense": "76000000",
            "netIncomeFromContinuingOperations": "-27000000",
            "comprehensiveIncomeNetOfTax": "925000000",
            "ebit": "86000000",
            "ebitda": "117000000",
            "netIncome": "-36000000"
        },
        {
            "fiscalDateEnding": "2022-09-30",
            "reportedCurrency": "USD",
            "grossProfit": "1062000000",
            "totalRevenue": "3488000000",
            "costOfRevenue": "2426000000",
            "costofGoodsAndServicesSold": "2426000000",
            "operatingIncome": "292000000",
            "sellingGeneralAndAdministrative": "461000000",
            "researchAndDevelopment": "278000000",
            "operatingExpenses": "492000000",
            "investmentIncomeNet": "3000000",
            "netInterestIncome": "-70000000",
            "interestIncome": "138000000",
            "interestExpense": "73000000",
            "nonInterestIncome": "-63000000",
            "otherNonOperatingIncome": "106000000",
            "depreciation": "327000000",
            "depreciationAndAmortization": "31000000",
            "incomeBeforeTax": "242000000",
            "incomeTaxExpense": "34000000",
            "interestAndDebtExpense": "73000000",
            "netIncomeFromContinuingOperations": "226000000",
            "comprehensiveIncomeNetOfTax": "-489000000",
            "ebit": "292000000",
            "ebitda": "323000000",
            "netIncome": "208000000"
        },
        {
            "fiscalDateEnding": "2022-06-30",
            "reportedCurrency": "USD",
            "grossProfit": "1246000000",
            "totalRevenue": "3615000000",
            "costOfRevenue": "2369000000",
            "costofGoodsAndServicesSold": "2369000000",
            "operatingIncome": "490000000",
            "sellingGeneralAndAdministrative": "486000000",
            "researchAndDevelopment": "240000000",
            "operatingExpenses": "516000000",
            "investmentIncomeNet": "3000000",
            "netInterestIncome": "-69000000",
            "interestIncome": "3000000",
            "interestExpense": "72000000",
            "nonInterestIncome": "-57000000",
            "otherNonOperatingIncome": "133000000",
            "depreciation": "345000000",
            "depreciationAndAmortization": "30000000",
            "incomeBeforeTax": "729000000",
            "incomeTaxExpense": "166000000",
            "interestAndDebtExpense": "72000000",
            "netIncomeFromContinuingOperations": "584000000",
            "comprehensiveIncomeNetOfTax": "-169000000",
            "ebit": "490000000",
            "ebitda": "520000000",
            "netIncome": "563000000"
        },
        {
            "fiscalDateEnding": "2022-03-31",
            "reportedCurrency": "USD",
            "grossProfit": "1283000000",
            "totalRevenue": "3680000000",
            "costOfRevenue": "2397000000",
            "costofGoodsAndServicesSold": "2397000000",
            "operatingIncome": "570000000",
            "sellingGeneralAndAdministrative": "434000000",
            "researchAndDevelopment": "248000000",
            "operatingExpenses": "412000000",
            "investmentIncomeNet": "3000000",
            "netInterestIncome": "-68000000",
            "interestIncome": "3000000",
            "interestExpense": "71000000",
            "nonInterestIncome": "33000000",
            "otherNonOperatingIncome": "130000000",
            "depreciation": "342000000",
            "depreciationAndAmortization": "31000000",
            "incomeBeforeTax": "761000000",
            "incomeTaxExpense": "180000000",
            "interestAndDebtExpense": "71000000",
            "netIncomeFromContinuingOperations": "581000000",
            "comprehensiveIncomeNetOfTax": "394000000",
            "ebit": "570000000",
            "ebitda": "601000000",
            "netIncome": "581000000"
        },
        {
            "fiscalDateEnding": "2021-12-31",
            "reportedCurrency": "USD",
            "grossProfit": "1271000000",
            "totalRevenue": "3676000000",
            "costOfRevenue": "2405000000",
            "costofGoodsAndServicesSold": "2405000000",
            "operatingIncome": "483000000",
            "sellingGeneralAndAdministrative": "476000000",
            "researchAndDevelopment": "280000000",
            "operatingExpenses": "1484000000",
            "investmentIncomeNet": "3000000",
            "netInterestIncome": "-70000000",
            "interestIncome": "3000000",
            "interestExpense": "73000000",
            "nonInterestIncome": "114000000",
            "otherNonOperatingIncome": "80000000",
            "depreciation": "347000000",
            "depreciationAndAmortization": "49000000",
            "incomeBeforeTax": "576000000",
            "incomeTaxExpense": "89000000",
            "interestAndDebtExpense": "73000000",
            "netIncomeFromContinuingOperations": "487000000",
            "comprehensiveIncomeNetOfTax": "571000000",
            "ebit": "483000000",
            "ebitda": "532000000",
            "netIncome": "487000000"
        },
        {
            "fiscalDateEnding": "2021-09-30",
            "reportedCurrency": "USD",
            "grossProfit": "1321000000",
            "totalRevenue": "3615000000",
            "costOfRevenue": "2294000000",
            "costofGoodsAndServicesSold": "2294000000",
            "operatingIncome": "552000000",
            "sellingGeneralAndAdministrative": "486000000",
            "researchAndDevelopment": "251000000",
            "operatingExpenses": "518000000",
            "investmentIncomeNet": "3000000",
            "netInterestIncome": "-69000000",
            "interestIncome": "66000000",
            "interestExpense": "72000000",
            "nonInterestIncome": "-14000000",
            "otherNonOperatingIncome": "23000000",
            "depreciation": "339000000",
            "depreciationAndAmortization": "32000000",
            "incomeBeforeTax": "480000000",
            "incomeTaxExpense": "109000000",
            "interestAndDebtExpense": "72000000",
            "netIncomeFromContinuingOperations": "371000000",
            "comprehensiveIncomeNetOfTax": "164000000",
            "ebit": "552000000",
            "ebitda": "584000000",
            "netIncome": "371000000"
        },
        {
            "fiscalDateEnding": "2021-06-30",
            "reportedCurrency": "USD",
            "grossProfit": "1315000000",
            "totalRevenue": "3501000000",
            "costOfRevenue": "2186000000",
            "costofGoodsAndServicesSold": "2186000000",
            "operatingIncome": "575000000",
            "sellingGeneralAndAdministrative": "465000000",
            "researchAndDevelopment": "242000000",
            "operatingExpenses": "498000000",
            "investmentIncomeNet": "2000000",
            "netInterestIncome": "-76000000",
            "interestIncome": "66000000",
            "interestExpense": "78000000",
            "nonInterestIncome": "8000000",
            "otherNonOperatingIncome": "19000000",
            "depreciation": "336000000",
            "depreciationAndAmortization": "33000000",
            "incomeBeforeTax": "516000000",
            "incomeTaxExpense": "67000000",
            "interestAndDebtExpense": "78000000",
            "netIncomeFromContinuingOperations": "449000000",
            "comprehensiveIncomeNetOfTax": "489000000",
            "ebit": "575000000",
            "ebitda": "608000000",
            "netIncome": "449000000"
        },
        {
            "fiscalDateEnding": "2021-03-31",
            "reportedCurrency": "USD",
            "grossProfit": "1156000000",
            "totalRevenue": "3290000000",
            "costOfRevenue": "2134000000",
            "costofGoodsAndServicesSold": "2134000000",
            "operatingIncome": "502000000",
            "sellingGeneralAndAdministrative": "400000000",
            "researchAndDevelopment": "222000000",
            "operatingExpenses": "432000000",
            "investmentIncomeNet": "3000000",
            "netInterestIncome": "-74000000",
            "interestIncome": "3000000",
            "interestExpense": "77000000",
            "nonInterestIncome": "-59000000",
            "otherNonOperatingIncome": "125000000",
            "depreciation": "330000000",
            "depreciationAndAmortization": "32000000",
            "incomeBeforeTax": "825000000",
            "incomeTaxExpense": "226000000",
            "interestAndDebtExpense": "77000000",
            "netIncomeFromContinuingOperations": "599000000",
            "comprehensiveIncomeNetOfTax": "247000000",
            "ebit": "502000000",
            "ebitda": "534000000",
            "netIncome": "599000000"
        },
        {
            "fiscalDateEnding": "2020-12-31",
            "reportedCurrency": "USD",
            "grossProfit": "1213000000",
            "totalRevenue": "3350000000",
            "costOfRevenue": "2137000000",
            "costofGoodsAndServicesSold": "2137000000",
            "operatingIncome": "476000000",
            "sellingGeneralAndAdministrative": "471000000",
            "researchAndDevelopment": "232000000",
            "operatingExpenses": "1537000000",
            "investmentIncomeNet": "3000000",
            "netInterestIncome": "-72000000",
            "interestIncome": "3000000",
            "interestExpense": "75000000",
            "nonInterestIncome": "42000000",
            "otherNonOperatingIncome": "-3000000",
            "depreciation": "358000000",
            "depreciationAndAmortization": "49000000",
            "incomeBeforeTax": "330000000",
            "incomeTaxExpense": "78000000",
            "interestAndDebtExpense": "75000000",
            "netIncomeFromContinuingOperations": "252000000",
            "comprehensiveIncomeNetOfTax": "646000000",
            "ebit": "476000000",
            "ebitda": "525000000",
            "netIncome": "252000000"
        },
        {
            "fiscalDateEnding": "2020-09-30",
            "reportedCurrency": "USD",
            "grossProfit": "1001000000",
            "totalRevenue": "3001000000",
            "costOfRevenue": "2000000000",
            "costofGoodsAndServicesSold": "2000000000",
            "operatingIncome": "257000000",
            "sellingGeneralAndAdministrative": "480000000",
            "researchAndDevelopment": "231000000",
            "operatingExpenses": "789000000",
            "investmentIncomeNet": "3000000",
            "netInterestIncome": "-67000000",
            "interestIncome": "243000000",
            "interestExpense": "70000000",
            "nonInterestIncome": "65000000",
            "otherNonOperatingIncome": "-62000000",
            "depreciation": "361000000",
            "depreciationAndAmortization": "33000000",
            "incomeBeforeTax": "450000000",
            "incomeTaxExpense": "23000000",
            "interestAndDebtExpense": "70000000",
            "netIncomeFromContinuingOperations": "427000000",
            "comprehensiveIncomeNetOfTax": "725000000",
            "ebit": "257000000",
            "ebitda": "290000000",
            "netIncome": "427000000"
        },
        {
            "fiscalDateEnding": "2020-06-30",
            "reportedCurrency": "USD",
            "grossProfit": "756000000",
            "totalRevenue": "2561000000",
            "costOfRevenue": "1805000000",
            "costofGoodsAndServicesSold": "1805000000",
            "operatingIncome": "-103000000",
            "sellingGeneralAndAdministrative": "401000000",
            "researchAndDevelopment": "430000000",
            "operatingExpenses": "961000000",
            "investmentIncomeNet": "3000000",
            "netInterestIncome": "-64000000",
            "interestIncome": "3000000",
            "interestExpense": "67000000",
            "nonInterestIncome": "22000000",
            "otherNonOperatingIncome": "2000000",
            "depreciation": "324000000",
            "depreciationAndAmortization": "28000000",
            "incomeBeforeTax": "-49000000",
            "incomeTaxExpense": "22000000",
            "interestAndDebtExpense": "67000000",
            "netIncomeFromContinuingOperations": "-71000000",
            "comprehensiveIncomeNetOfTax": "-6000000",
            "ebit": "-103000000",
            "ebitda": "-75000000",
            "netIncome": "-71000000"
        },
        {
            "fiscalDateEnding": "2020-03-31",
            "reportedCurrency": "USD",
            "grossProfit": "561000000",
            "totalRevenue": "2391000000",
            "costOfRevenue": "1830000000",
            "costofGoodsAndServicesSold": "1830000000",
            "operatingIncome": "-121000000",
            "sellingGeneralAndAdministrative": "395000000",
            "researchAndDevelopment": "261000000",
            "operatingExpenses": "558000000",
            "investmentIncomeNet": "6000000",
            "netInterestIncome": "-58000000",
            "interestIncome": "6000000",
            "interestExpense": "64000000",
            "nonInterestIncome": "-33000000",
            "otherNonOperatingIncome": "-11000000",
            "depreciation": "356000000",
            "depreciationAndAmortization": "26000000",
            "incomeBeforeTax": "-108000000",
            "incomeTaxExpense": "-12000000",
            "interestAndDebtExpense": "64000000",
            "netIncomeFromContinuingOperations": "-96000000",
            "comprehensiveIncomeNetOfTax": "-422000000",
            "ebit": "-121000000",
            "ebitda": "-95000000",
            "netIncome": "-96000000"
        },
        {
            "fiscalDateEnding": "2019-12-31",
            "reportedCurrency": "USD",
            "grossProfit": "854000000",
            "totalRevenue": "2817000000",
            "costOfRevenue": "1963000000",
            "costofGoodsAndServicesSold": "1963000000",
            "operatingIncome": "147000000",
            "sellingGeneralAndAdministrative": "401000000",
            "researchAndDevelopment": "278000000",
            "operatingExpenses": "1749000000",
            "investmentIncomeNet": "5000000",
            "netInterestIncome": "-55000000",
            "interestIncome": "5000000",
            "interestExpense": "60000000",
            "nonInterestIncome": "35000000",
            "otherNonOperatingIncome": "-96000000",
            "depreciation": "364000000",
            "depreciationAndAmortization": "28000000",
            "incomeBeforeTax": "17000000",
            "incomeTaxExpense": "-15000000",
            "interestAndDebtExpense": "60000000",
            "netIncomeFromContinuingOperations": "32000000",
            "comprehensiveIncomeNetOfTax": "248000000",
            "ebit": "147000000",
            "ebitda": "175000000",
            "netIncome": "32000000"
        },
        {
            "fiscalDateEnding": "2019-09-30",
            "reportedCurrency": "USD",
            "grossProfit": "1017000000",
            "totalRevenue": "2934000000",
            "costOfRevenue": "1917000000",
            "costofGoodsAndServicesSold": "1917000000",
            "operatingIncome": "365000000",
            "sellingGeneralAndAdministrative": "369000000",
            "researchAndDevelopment": "255000000",
            "operatingExpenses": "397000000",
            "investmentIncomeNet": "4000000",
            "netInterestIncome": "-51000000",
            "interestIncome": "4000000",
            "interestExpense": "55000000",
            "nonInterestIncome": "-130000000",
            "otherNonOperatingIncome": "-15000000",
            "depreciation": "368000000",
            "depreciationAndAmortization": "28000000",
            "incomeBeforeTax": "408000000",
            "incomeTaxExpense": "71000000",
            "interestAndDebtExpense": "55000000",
            "netIncomeFromContinuingOperations": "337000000",
            "comprehensiveIncomeNetOfTax": "80000000",
            "ebit": "365000000",
            "ebitda": "393000000",
            "netIncome": "337000000"
        },
        {
            "fiscalDateEnding": "2019-06-30",
            "reportedCurrency": "USD",
            "grossProfit": "1065000000",
            "totalRevenue": "2940000000",
            "costOfRevenue": "1875000000",
            "costofGoodsAndServicesSold": "1875000000",
            "operatingIncome": "374000000",
            "sellingGeneralAndAdministrative": "414000000",
            "researchAndDevelopment": "249000000",
            "operatingExpenses": "444000000",
            "investmentIncomeNet": "5000000",
            "netInterestIncome": "-4000000",
            "interestIncome": "5000000",
            "interestExpense": "4000000",
            "nonInterestIncome": "-107000000",
            "otherNonOperatingIncome": "-35000000",
            "depreciation": "352000000",
            "depreciationAndAmortization": "30000000",
            "incomeBeforeTax": "216000000",
            "incomeTaxExpense": "124000000",
            "interestAndDebtExpense": "54000000",
            "netIncomeFromContinuingOperations": "92000000",
            "comprehensiveIncomeNetOfTax": "128000000",
            "ebit": "374000000",
            "ebitda": "250000000",
            "netIncome": "92000000"
        },
        {
            "fiscalDateEnding": "2019-03-31",
            "reportedCurrency": "USD",
            "grossProfit": "1099000000",
            "totalRevenue": "2812000000",
            "costOfRevenue": "1713000000",
            "costofGoodsAndServicesSold": "1713000000",
            "operatingIncome": "420000000",
            "sellingGeneralAndAdministrative": "401000000",
            "researchAndDevelopment": "249000000",
            "operatingExpenses": "432000000",
            "investmentIncomeNet": "7000000",
            "netInterestIncome": "-3000000",
            "interestIncome": "7000000",
            "interestExpense": "3000000",
            "nonInterestIncome": "176000000",
            "otherNonOperatingIncome": "-9000000",
            "depreciation": "306000000",
            "depreciationAndAmortization": "31000000",
            "incomeBeforeTax": "575000000",
            "incomeTaxExpense": "76000000",
            "interestAndDebtExpense": "52000000",
            "netIncomeFromContinuingOperations": "499000000",
            "comprehensiveIncomeNetOfTax": "343000000",
            "ebit": "420000000",
            "ebitda": "609000000",
            "netIncome": "499000000"
        },
        {
            "fiscalDateEnding": "2018-12-31",
            "reportedCurrency": "USD",
            "grossProfit": "1202000000",
            "totalRevenue": "3035000000",
            "costOfRevenue": "1833000000",
            "costofGoodsAndServicesSold": "1833000000",
            "operatingIncome": "464000000",
            "sellingGeneralAndAdministrative": "447000000",
            "researchAndDevelopment": "265000000",
            "operatingExpenses": "-5220000000",
            "investmentIncomeNet": "9000000",
            "netInterestIncome": "None",
            "interestIncome": "None",
            "interestExpense": "51000000",
            "nonInterestIncome": "-8414000000",
            "otherNonOperatingIncome": "-205000000",
            "depreciation": "304000000",
            "depreciationAndAmortization": "26000000",
            "incomeBeforeTax": "346000000",
            "incomeTaxExpense": "54000000",
            "interestAndDebtExpense": "51000000",
            "netIncomeFromContinuingOperations": "1436000000",
            "comprehensiveIncomeNetOfTax": "418000000",
            "ebit": "464000000",
            "ebitda": "490000000",
            "netIncome": "292000000"
        },
        {
            "fiscalDateEnding": "2018-09-30",
            "reportedCurrency": "USD",
            "grossProfit": "1232000000",
            "totalRevenue": "3008000000",
            "costOfRevenue": "1776000000",
            "costofGoodsAndServicesSold": "1776000000",
            "operatingIncome": "522000000",
            "sellingGeneralAndAdministrative": "439000000",
            "researchAndDevelopment": "244000000",
            "operatingExpenses": "466000000",
            "investmentIncomeNet": "7000000",
            "netInterestIncome": "None",
            "interestIncome": "None",
            "interestExpense": "45000000",
            "nonInterestIncome": "3238000000",
            "otherNonOperatingIncome": "12000000",
            "depreciation": "291000000",
            "depreciationAndAmortization": "27000000",
            "incomeBeforeTax": "758000000",
            "incomeTaxExpense": "133000000",
            "interestAndDebtExpense": "45000000",
            "netIncomeFromContinuingOperations": "625000000",
            "comprehensiveIncomeNetOfTax": "524000000",
            "ebit": "522000000",
            "ebitda": "549000000",
            "netIncome": "625000000"
        },
        {
            "fiscalDateEnding": "2018-06-30",
            "reportedCurrency": "USD",
            "grossProfit": "1072000000",
            "totalRevenue": "2747000000",
            "costOfRevenue": "1675000000",
            "costofGoodsAndServicesSold": "1675000000",
            "operatingIncome": "395000000",
            "sellingGeneralAndAdministrative": "412000000",
            "researchAndDevelopment": "243000000",
            "operatingExpenses": "434000000",
            "investmentIncomeNet": "9000000",
            "netInterestIncome": "None",
            "interestIncome": "None",
            "interestExpense": "43000000",
            "nonInterestIncome": "3205000000",
            "otherNonOperatingIncome": "14000000",
            "depreciation": "300000000",
            "depreciationAndAmortization": "22000000",
            "incomeBeforeTax": "864000000",
            "incomeTaxExpense": "126000000",
            "interestAndDebtExpense": "43000000",
            "netIncomeFromContinuingOperations": "738000000",
            "comprehensiveIncomeNetOfTax": "280000000",
            "ebit": "395000000",
            "ebitda": "417000000",
            "netIncome": "738000000"
        },
        {
            "fiscalDateEnding": "2018-03-31",
            "reportedCurrency": "USD",
            "grossProfit": "955000000",
            "totalRevenue": "2500000000",
            "costOfRevenue": "1545000000",
            "costofGoodsAndServicesSold": "1545000000",
            "operatingIncome": "194000000",
            "sellingGeneralAndAdministrative": "501000000",
            "researchAndDevelopment": "241000000",
            "operatingExpenses": "7020000000",
            "investmentIncomeNet": "13000000",
            "netInterestIncome": "None",
            "interestIncome": "None",
            "interestExpense": "52000000",
            "nonInterestIncome": "1878000000",
            "otherNonOperatingIncome": "-37000000",
            "depreciation": "304000000",
            "depreciationAndAmortization": "19000000",
            "incomeBeforeTax": "-465000000",
            "incomeTaxExpense": "124000000",
            "interestAndDebtExpense": "52000000",
            "netIncomeFromContinuingOperations": "-589000000",
            "comprehensiveIncomeNetOfTax": "-324000000",
            "ebit": "194000000",
            "ebitda": "213000000",
            "netIncome": "-589000000"
        }
    ]
}