{
    "symbol": "GRMN",
    "annualReports": [
        {
            "fiscalDateEnding": "2022-12-31",
            "reportedCurrency": "USD",
            "grossProfit": "2806775000",
            "totalRevenue": "4851095000",
            "costOfRevenue": "2860035000",
            "costofGoodsAndServicesSold": "2053511000",
            "operatingIncome": "1027845000",
            "sellingGeneralAndAdministrative": "775963000",
            "researchAndDevelopment": "834927000",
            "operatingExpenses": "1778930000",
            "investmentIncomeNet": "None",
            "netInterestIncome": "40826000",
            "interestIncome": "40826000",
            "interestExpense": "None",
            "nonInterestIncome": "4851095000",
            "otherNonOperatingIncome": "7577000",
            "depreciation": "118743000",
            "depreciationAndAmortization": "30561000",
            "incomeBeforeTax": "1064974000",
            "incomeTaxExpense": "91389000",
            "interestAndDebtExpense": "None",
            "netIncomeFromContinuingOperations": "973585000",
            "comprehensiveIncomeNetOfTax": "741217000",
            "ebit": "1027845000",
            "ebitda": "1058406000",
            "netIncome": "973585000"
        },
        {
            "fiscalDateEnding": "2021-12-31",
            "reportedCurrency": "USD",
            "grossProfit": "2890459000",
            "totalRevenue": "4937234000",
            "costOfRevenue": "2787862000",
            "costofGoodsAndServicesSold": "2092336000",
            "operatingIncome": "1218620000",
            "sellingGeneralAndAdministrative": "721260000",
            "researchAndDevelopment": "778750000",
            "operatingExpenses": "1671839000",
            "investmentIncomeNet": "None",
            "netInterestIncome": "28573000",
            "interestIncome": "28573000",
            "interestExpense": "28573000",
            "nonInterestIncome": "4937234000",
            "otherNonOperatingIncome": "4866000",
            "depreciation": "103498000",
            "depreciationAndAmortization": "35540000",
            "incomeBeforeTax": "1206796000",
            "incomeTaxExpense": "124596000",
            "interestAndDebtExpense": "None",
            "netIncomeFromContinuingOperations": "1082200000",
            "comprehensiveIncomeNetOfTax": "1016608000",
            "ebit": "1218620000",
            "ebitda": "1254160000",
            "netIncome": "1082200000"
        },
        {
            "fiscalDateEnding": "2020-12-31",
            "reportedCurrency": "USD",
            "grossProfit": "2481336000",
            "totalRevenue": "4191197000",
            "costOfRevenue": "2310279000",
            "costofGoodsAndServicesSold": "1705237000",
            "operatingIncome": "1054240000",
            "sellingGeneralAndAdministrative": "623588000",
            "researchAndDevelopment": "652342000",
            "operatingExpenses": "1427096000",
            "investmentIncomeNet": "None",
            "netInterestIncome": "37002000",
            "interestIncome": "37002000",
            "interestExpense": "37002000",
            "nonInterestIncome": "4191197000",
            "otherNonOperatingIncome": "9343000",
            "depreciation": "78121000",
            "depreciationAndAmortization": "34797000",
            "incomeBeforeTax": "1103410000",
            "incomeTaxExpense": "111086000",
            "interestAndDebtExpense": "None",
            "netIncomeFromContinuingOperations": "992324000",
            "comprehensiveIncomeNetOfTax": "1119877000",
            "ebit": "1054240000",
            "ebitda": "1089037000",
            "netIncome": "992324000"
        },
        {
            "fiscalDateEnding": "2019-12-31",
            "reportedCurrency": "USD",
            "grossProfit": "2233976000",
            "totalRevenue": "3740939000",
            "costOfRevenue": "2068322000",
            "costofGoodsAndServicesSold": "1523529000",
            "operatingIncome": "945586000",
            "sellingGeneralAndAdministrative": "518568000",
            "researchAndDevelopment": "605366000",
            "operatingExpenses": "1288390000",
            "investmentIncomeNet": "None",
            "netInterestIncome": "52817000",
            "interestIncome": "52817000",
            "interestExpense": "52817000",
            "nonInterestIncome": "3740939000",
            "otherNonOperatingIncome": "5618000",
            "depreciation": "71921000",
            "depreciationAndAmortization": "26225000",
            "incomeBeforeTax": "987222000",
            "incomeTaxExpense": "34736000",
            "interestAndDebtExpense": "None",
            "netIncomeFromContinuingOperations": "952486000",
            "comprehensiveIncomeNetOfTax": "999930000",
            "ebit": "945586000",
            "ebitda": "971811000",
            "netIncome": "952486000"
        },
        {
            "fiscalDateEnding": "2018-12-31",
            "reportedCurrency": "USD",
            "grossProfit": "1979719000",
            "totalRevenue": "3345680000",
            "costOfRevenue": "1867698000",
            "costofGoodsAndServicesSold": "1367725000",
            "operatingIncome": "778343000",
            "sellingGeneralAndAdministrative": "478177000",
            "researchAndDevelopment": "567805000",
            "operatingExpenses": "1201376000",
            "investmentIncomeNet": "47147000",
            "netInterestIncome": "47147000",
            "interestIncome": "47147000",
            "interestExpense": "47147000",
            "nonInterestIncome": "3340307000",
            "otherNonOperatingIncome": "5373000",
            "depreciation": "64798000",
            "depreciationAndAmortization": "21796000",
            "incomeBeforeTax": "823247000",
            "incomeTaxExpense": "129167000",
            "interestAndDebtExpense": "None",
            "netIncomeFromContinuingOperations": "694080000",
            "comprehensiveIncomeNetOfTax": "646534000",
            "ebit": "778343000",
            "ebitda": "800139000",
            "netIncome": "694080000"
        }
    ],
    "quarterlyReports": [
        {
            "fiscalDateEnding": "2022-12-31",
            "reportedCurrency": "USD",
            "grossProfit": "744970000",
            "totalRevenue": "1351321000",
            "costOfRevenue": "796368000",
            "costofGoodsAndServicesSold": "561385000",
            "operatingIncome": "267174000",
            "sellingGeneralAndAdministrative": "204422000",
            "researchAndDevelopment": "215712000",
            "operatingExpenses": "477796000",
            "investmentIncomeNet": "None",
            "netInterestIncome": "14306000",
            "interestIncome": "14306000",
            "interestExpense": "None",
            "nonInterestIncome": "1351321000",
            "otherNonOperatingIncome": "3861000",
            "depreciation": "30738000",
            "depreciationAndAmortization": "None",
            "incomeBeforeTax": "329876000",
            "incomeTaxExpense": "36604000",
            "interestAndDebtExpense": "None",
            "netIncomeFromContinuingOperations": "293272000",
            "comprehensiveIncomeNetOfTax": "385578000",
            "ebit": "267174000",
            "ebitda": "308673000",
            "netIncome": "293272000"
        },
        {
            "fiscalDateEnding": "2022-09-30",
            "reportedCurrency": "USD",
            "grossProfit": "670499000",
            "totalRevenue": "1110571000",
            "costOfRevenue": "659481000",
            "costofGoodsAndServicesSold": "469935000",
            "operatingIncome": "239373000",
            "sellingGeneralAndAdministrative": "189546000",
            "researchAndDevelopment": "208692000",
            "operatingExpenses": "431126000",
            "investmentIncomeNet": "None",
            "netInterestIncome": "10472000",
            "interestIncome": "10472000",
            "interestExpense": "10472000",
            "nonInterestIncome": "1110571000",
            "otherNonOperatingIncome": "285000",
            "depreciation": "29019000",
            "depreciationAndAmortization": "39498000",
            "incomeBeforeTax": "220267000",
            "incomeTaxExpense": "9419000",
            "interestAndDebtExpense": "None",
            "netIncomeFromContinuingOperations": "210848000",
            "comprehensiveIncomeNetOfTax": "74621000",
            "ebit": "239373000",
            "ebitda": "270237000",
            "netIncome": "210848000"
        },
        {
            "fiscalDateEnding": "2022-06-30",
            "reportedCurrency": "USD",
            "grossProfit": "728826000",
            "totalRevenue": "1218394000",
            "costOfRevenue": "703218000",
            "costofGoodsAndServicesSold": "512007000",
            "operatingIncome": "292740000",
            "sellingGeneralAndAdministrative": "191211000",
            "researchAndDevelopment": "201518000",
            "operatingExpenses": "436086000",
            "investmentIncomeNet": "None",
            "netInterestIncome": "8495000",
            "interestIncome": "8495000",
            "interestExpense": "8495000",
            "nonInterestIncome": "1218394000",
            "otherNonOperatingIncome": "170000",
            "depreciation": "30002000",
            "depreciationAndAmortization": "41644000",
            "incomeBeforeTax": "278966000",
            "incomeTaxExpense": "21093000",
            "interestAndDebtExpense": "None",
            "netIncomeFromContinuingOperations": "257873000",
            "comprehensiveIncomeNetOfTax": "176350000",
            "ebit": "292740000",
            "ebitda": "329105000",
            "netIncome": "257873000"
        },
        {
            "fiscalDateEnding": "2022-03-31",
            "reportedCurrency": "USD",
            "grossProfit": "662479000",
            "totalRevenue": "1170285000",
            "costOfRevenue": "700967000",
            "costofGoodsAndServicesSold": "510183000",
            "operatingIncome": "228556000",
            "sellingGeneralAndAdministrative": "190784000",
            "researchAndDevelopment": "209006000",
            "operatingExpenses": "433923000",
            "investmentIncomeNet": "None",
            "netInterestIncome": "7553000",
            "interestIncome": "7553000",
            "interestExpense": "7553000",
            "nonInterestIncome": "1170285000",
            "otherNonOperatingIncome": "3261000",
            "depreciation": "28984000",
            "depreciationAndAmortization": "41212000",
            "incomeBeforeTax": "235864000",
            "incomeTaxExpense": "24272000",
            "interestAndDebtExpense": "None",
            "netIncomeFromContinuingOperations": "211592000",
            "comprehensiveIncomeNetOfTax": "104668000",
            "ebit": "228556000",
            "ebitda": "284629000",
            "netIncome": "211592000"
        },
        {
            "fiscalDateEnding": "2021-12-31",
            "reportedCurrency": "USD",
            "grossProfit": "772105000",
            "totalRevenue": "1391589000",
            "costOfRevenue": "619484000",
            "costofGoodsAndServicesSold": "619484000",
            "operatingIncome": "315120000",
            "sellingGeneralAndAdministrative": "174090000",
            "researchAndDevelopment": "221771000",
            "operatingExpenses": "456985000",
            "investmentIncomeNet": "None",
            "netInterestIncome": "7005000",
            "interestIncome": "7005000",
            "interestExpense": "7005000",
            "nonInterestIncome": "None",
            "otherNonOperatingIncome": "-6282000",
            "depreciation": "None",
            "depreciationAndAmortization": "41061000",
            "incomeBeforeTax": "293304000",
            "incomeTaxExpense": "7168000",
            "interestAndDebtExpense": "None",
            "netIncomeFromContinuingOperations": "-7168000",
            "comprehensiveIncomeNetOfTax": "249215000",
            "ebit": "315120000",
            "ebitda": "356904000",
            "netIncome": "286136000"
        },
        {
            "fiscalDateEnding": "2021-09-30",
            "reportedCurrency": "USD",
            "grossProfit": "695947000",
            "totalRevenue": "1176959000",
            "costOfRevenue": "658541000",
            "costofGoodsAndServicesSold": "496026000",
            "operatingIncome": "282670000",
            "sellingGeneralAndAdministrative": "177647000",
            "researchAndDevelopment": "198925000",
            "operatingExpenses": "413277000",
            "investmentIncomeNet": "None",
            "netInterestIncome": "6897000",
            "interestIncome": "6897000",
            "interestExpense": "6897000",
            "nonInterestIncome": "1176959000",
            "otherNonOperatingIncome": "833000",
            "depreciation": "26496000",
            "depreciationAndAmortization": "39078000",
            "incomeBeforeTax": "275386000",
            "incomeTaxExpense": "16347000",
            "interestAndDebtExpense": "None",
            "netIncomeFromContinuingOperations": "259039000",
            "comprehensiveIncomeNetOfTax": "247168000",
            "ebit": "282670000",
            "ebitda": "321361000",
            "netIncome": "259039000"
        },
        {
            "fiscalDateEnding": "2021-06-30",
            "reportedCurrency": "USD",
            "grossProfit": "780851000",
            "totalRevenue": "1319579000",
            "costOfRevenue": "711813000",
            "costofGoodsAndServicesSold": "546054000",
            "operatingIncome": "371172000",
            "sellingGeneralAndAdministrative": "180717000",
            "researchAndDevelopment": "186023000",
            "operatingExpenses": "409679000",
            "investmentIncomeNet": "None",
            "netInterestIncome": "7018000",
            "interestIncome": "7018000",
            "interestExpense": "7018000",
            "nonInterestIncome": "1319579000",
            "otherNonOperatingIncome": "1195000",
            "depreciation": "24788000",
            "depreciationAndAmortization": "37789000",
            "incomeBeforeTax": "372059000",
            "incomeTaxExpense": "55062000",
            "interestAndDebtExpense": "None",
            "netIncomeFromContinuingOperations": "316997000",
            "comprehensiveIncomeNetOfTax": "343372000",
            "ebit": "371172000",
            "ebitda": "416866000",
            "netIncome": "316997000"
        },
        {
            "fiscalDateEnding": "2021-03-31",
            "reportedCurrency": "USD",
            "grossProfit": "641556000",
            "totalRevenue": "1063913000",
            "costOfRevenue": "588393000",
            "costofGoodsAndServicesSold": "430771000",
            "operatingIncome": "249659000",
            "sellingGeneralAndAdministrative": "171987000",
            "researchAndDevelopment": "188849000",
            "operatingExpenses": "391897000",
            "investmentIncomeNet": "None",
            "netInterestIncome": "7652000",
            "interestIncome": "7652000",
            "interestExpense": "7652000",
            "nonInterestIncome": "-8414000",
            "otherNonOperatingIncome": "1484000",
            "depreciation": "23988000",
            "depreciationAndAmortization": "36890000",
            "incomeBeforeTax": "250514000",
            "incomeTaxExpense": "30485000",
            "interestAndDebtExpense": "None",
            "netIncomeFromContinuingOperations": "220029000",
            "comprehensiveIncomeNetOfTax": "176854000",
            "ebit": "249659000",
            "ebitda": "295056000",
            "netIncome": "220029000"
        },
        {
            "fiscalDateEnding": "2020-12-31",
            "reportedCurrency": "USD",
            "grossProfit": "790983000",
            "totalRevenue": "1351405000",
            "costOfRevenue": "754128000",
            "costofGoodsAndServicesSold": "560421000",
            "operatingIncome": "371267000",
            "sellingGeneralAndAdministrative": "212253000",
            "researchAndDevelopment": "146329000",
            "operatingExpenses": "419717000",
            "investmentIncomeNet": "None",
            "netInterestIncome": "6744000",
            "interestIncome": "6744000",
            "interestExpense": "6744000",
            "nonInterestIncome": "1351405000",
            "otherNonOperatingIncome": "828000",
            "depreciation": "20980000",
            "depreciationAndAmortization": "36605000",
            "incomeBeforeTax": "391465000",
            "incomeTaxExpense": "57918000",
            "interestAndDebtExpense": "None",
            "netIncomeFromContinuingOperations": "790983000",
            "comprehensiveIncomeNetOfTax": "397997000",
            "ebit": "371267000",
            "ebitda": "434815000",
            "netIncome": "333547000"
        },
        {
            "fiscalDateEnding": "2020-09-30",
            "reportedCurrency": "USD",
            "grossProfit": "667983000",
            "totalRevenue": "1119307000",
            "costOfRevenue": "583345000",
            "costofGoodsAndServicesSold": "441211000",
            "operatingIncome": "317101000",
            "sellingGeneralAndAdministrative": "142134000",
            "researchAndDevelopment": "174882000",
            "operatingExpenses": "350882000",
            "investmentIncomeNet": "None",
            "netInterestIncome": "7777000",
            "interestIncome": "7777000",
            "interestExpense": "7777000",
            "nonInterestIncome": "1119307000",
            "otherNonOperatingIncome": "1726000",
            "depreciation": "20111000",
            "depreciationAndAmortization": "32578000",
            "incomeBeforeTax": "336717000",
            "incomeTaxExpense": "23300000",
            "interestAndDebtExpense": "None",
            "netIncomeFromContinuingOperations": "313417000",
            "comprehensiveIncomeNetOfTax": "342666000",
            "ebit": "317101000",
            "ebitda": "377072000",
            "netIncome": "313417000"
        },
        {
            "fiscalDateEnding": "2020-06-30",
            "reportedCurrency": "USD",
            "grossProfit": "515430000",
            "totalRevenue": "865374000",
            "costOfRevenue": "486453000",
            "costofGoodsAndServicesSold": "354437000",
            "operatingIncome": "188389000",
            "sellingGeneralAndAdministrative": "132016000",
            "researchAndDevelopment": "165740000",
            "operatingExpenses": "327041000",
            "investmentIncomeNet": "None",
            "netInterestIncome": "10455000",
            "interestIncome": "10455000",
            "interestExpense": "10455000",
            "nonInterestIncome": "865374000",
            "otherNonOperatingIncome": "3241000",
            "depreciation": "18832000",
            "depreciationAndAmortization": "29328000",
            "incomeBeforeTax": "198488000",
            "incomeTaxExpense": "14308000",
            "interestAndDebtExpense": "None",
            "netIncomeFromContinuingOperations": "184180000",
            "comprehensiveIncomeNetOfTax": "242102000",
            "ebit": "188389000",
            "ebitda": "237375000",
            "netIncome": "184180000"
        },
        {
            "fiscalDateEnding": "2020-03-31",
            "reportedCurrency": "USD",
            "grossProfit": "506940000",
            "totalRevenue": "842531000",
            "costOfRevenue": "486354000",
            "costofGoodsAndServicesSold": "349168000",
            "operatingIncome": "177482000",
            "sellingGeneralAndAdministrative": "137186000",
            "researchAndDevelopment": "165392000",
            "operatingExpenses": "329458000",
            "investmentIncomeNet": "None",
            "netInterestIncome": "12026000",
            "interestIncome": "12026000",
            "interestExpense": "12026000",
            "nonInterestIncome": "842531000",
            "otherNonOperatingIncome": "3550000",
            "depreciation": "18198000",
            "depreciationAndAmortization": "28204000",
            "incomeBeforeTax": "177635000",
            "incomeTaxExpense": "16455000",
            "interestAndDebtExpense": "None",
            "netIncomeFromContinuingOperations": "161180000",
            "comprehensiveIncomeNetOfTax": "137113000",
            "ebit": "177482000",
            "ebitda": "217865000",
            "netIncome": "161180000"
        },
        {
            "fiscalDateEnding": "2019-12-31",
            "reportedCurrency": "USD",
            "grossProfit": "639456000",
            "totalRevenue": "1102233000",
            "costOfRevenue": "627281000",
            "costofGoodsAndServicesSold": "462777000",
            "operatingIncome": "276523000",
            "sellingGeneralAndAdministrative": "138279000",
            "researchAndDevelopment": "162005000",
            "operatingExpenses": "362932000",
            "investmentIncomeNet": "None",
            "netInterestIncome": "13069000",
            "interestIncome": "13069000",
            "interestExpense": "13069000",
            "nonInterestIncome": "1102233000",
            "otherNonOperatingIncome": "2051000",
            "depreciation": "19418000",
            "depreciationAndAmortization": "28560000",
            "incomeBeforeTax": "287413000",
            "incomeTaxExpense": "-73379000",
            "interestAndDebtExpense": "None",
            "netIncomeFromContinuingOperations": "639456000",
            "comprehensiveIncomeNetOfTax": "396075000",
            "ebit": "276523000",
            "ebitda": "329041000",
            "netIncome": "360792000"
        },
        {
            "fiscalDateEnding": "2019-09-30",
            "reportedCurrency": "USD",
            "grossProfit": "567458000",
            "totalRevenue": "918381000",
            "costOfRevenue": "491694000",
            "costofGoodsAndServicesSold": "366925000",
            "operatingIncome": "261460000",
            "sellingGeneralAndAdministrative": "124769000",
            "researchAndDevelopment": "148561000",
            "operatingExpenses": "305998000",
            "investmentIncomeNet": "None",
            "netInterestIncome": "12309000",
            "interestIncome": "12309000",
            "interestExpense": "12309000",
            "nonInterestIncome": "918087000",
            "otherNonOperatingIncome": "294000",
            "depreciation": "17977000",
            "depreciationAndAmortization": "26881000",
            "incomeBeforeTax": "257767000",
            "incomeTaxExpense": "29901000",
            "interestAndDebtExpense": "None",
            "netIncomeFromContinuingOperations": "227866000",
            "comprehensiveIncomeNetOfTax": "213775000",
            "ebit": "261460000",
            "ebitda": "296957000",
            "netIncome": "227866000"
        },
        {
            "fiscalDateEnding": "2019-06-30",
            "reportedCurrency": "USD",
            "grossProfit": "575365000",
            "totalRevenue": "960662000",
            "costOfRevenue": "508213000",
            "costofGoodsAndServicesSold": "379475000",
            "operatingIncome": "256221000",
            "sellingGeneralAndAdministrative": "128738000",
            "researchAndDevelopment": "148883000",
            "operatingExpenses": "319144000",
            "investmentIncomeNet": "None",
            "netInterestIncome": "13735000",
            "interestIncome": "13735000",
            "interestExpense": "13735000",
            "nonInterestIncome": "958253000",
            "otherNonOperatingIncome": "2409000",
            "depreciation": "17694000",
            "depreciationAndAmortization": "26723000",
            "incomeBeforeTax": "275778000",
            "incomeTaxExpense": "52122000",
            "interestAndDebtExpense": "None",
            "netIncomeFromContinuingOperations": "223656000",
            "comprehensiveIncomeNetOfTax": "239999000",
            "ebit": "256221000",
            "ebitda": "316236000",
            "netIncome": "223656000"
        },
        {
            "fiscalDateEnding": "2019-03-31",
            "reportedCurrency": "USD",
            "grossProfit": "451698000",
            "totalRevenue": "767001000",
            "costOfRevenue": "441133000",
            "costofGoodsAndServicesSold": "314352000",
            "operatingIncome": "151383000",
            "sellingGeneralAndAdministrative": "126781000",
            "researchAndDevelopment": "145919000",
            "operatingExpenses": "300315000",
            "investmentIncomeNet": "13704000",
            "netInterestIncome": "13704000",
            "interestIncome": "13704000",
            "interestExpense": "13704000",
            "nonInterestIncome": "766137000",
            "otherNonOperatingIncome": "864000",
            "depreciation": "16832000",
            "depreciationAndAmortization": "24011000",
            "incomeBeforeTax": "166265000",
            "incomeTaxExpense": "26092000",
            "interestAndDebtExpense": "None",
            "netIncomeFromContinuingOperations": "140173000",
            "comprehensiveIncomeNetOfTax": "150081000",
            "ebit": "151383000",
            "ebitda": "203980000",
            "netIncome": "140173000"
        },
        {
            "fiscalDateEnding": "2018-12-31",
            "reportedCurrency": "USD",
            "grossProfit": "549166000",
            "totalRevenue": "932108000",
            "costOfRevenue": "530681000",
            "costofGoodsAndServicesSold": "382942000",
            "operatingIncome": "222673000",
            "sellingGeneralAndAdministrative": "125943000",
            "researchAndDevelopment": "145156000",
            "operatingExpenses": "326493000",
            "investmentIncomeNet": "14837000",
            "netInterestIncome": "None",
            "interestIncome": "None",
            "interestExpense": "14837000",
            "nonInterestIncome": "932108000",
            "otherNonOperatingIncome": "-1427000",
            "depreciation": "16896000",
            "depreciationAndAmortization": "24718000",
            "incomeBeforeTax": "231872000",
            "incomeTaxExpense": "41722000",
            "interestAndDebtExpense": "None",
            "netIncomeFromContinuingOperations": "549166000",
            "comprehensiveIncomeNetOfTax": "193956000",
            "ebit": "222673000",
            "ebitda": "271427000",
            "netIncome": "190150000"
        },
        {
            "fiscalDateEnding": "2018-09-30",
            "reportedCurrency": "USD",
            "grossProfit": "480747000",
            "totalRevenue": "803143000",
            "costOfRevenue": "443933000",
            "costofGoodsAndServicesSold": "329264000",
            "operatingIncome": "195959000",
            "sellingGeneralAndAdministrative": "114669000",
            "researchAndDevelopment": "138979000",
            "operatingExpenses": "284788000",
            "investmentIncomeNet": "11089000",
            "netInterestIncome": "None",
            "interestIncome": "None",
            "interestExpense": "11089000",
            "nonInterestIncome": "803143000",
            "otherNonOperatingIncome": "1147000",
            "depreciation": "16102000",
            "depreciationAndAmortization": "23256000",
            "incomeBeforeTax": "201327000",
            "incomeTaxExpense": "17113000",
            "interestAndDebtExpense": "None",
            "netIncomeFromContinuingOperations": "184214000",
            "comprehensiveIncomeNetOfTax": "179106000",
            "ebit": "195959000",
            "ebitda": "235672000",
            "netIncome": "184214000"
        },
        {
            "fiscalDateEnding": "2018-06-30",
            "reportedCurrency": "USD",
            "grossProfit": "523270000",
            "totalRevenue": "897099000",
            "costOfRevenue": "491682000",
            "costofGoodsAndServicesSold": "371182000",
            "operatingIncome": "217508000",
            "sellingGeneralAndAdministrative": "120500000",
            "researchAndDevelopment": "141713000",
            "operatingExpenses": "305762000",
            "investmentIncomeNet": "10995000",
            "netInterestIncome": "None",
            "interestIncome": "None",
            "interestExpense": "10995000",
            "nonInterestIncome": "897099000",
            "otherNonOperatingIncome": "4918000",
            "depreciation": "15786000",
            "depreciationAndAmortization": "25074000",
            "incomeBeforeTax": "236068000",
            "incomeTaxExpense": "45726000",
            "interestAndDebtExpense": "None",
            "netIncomeFromContinuingOperations": "190342000",
            "comprehensiveIncomeNetOfTax": "135632000",
            "ebit": "217508000",
            "ebitda": "272137000",
            "netIncome": "190342000"
        },
        {
            "fiscalDateEnding": "2018-03-31",
            "reportedCurrency": "USD",
            "grossProfit": "426535000",
            "totalRevenue": "711703000",
            "costOfRevenue": "401402000",
            "costofGoodsAndServicesSold": "284337000",
            "operatingIncome": "142202000",
            "sellingGeneralAndAdministrative": "117065000",
            "researchAndDevelopment": "141957000",
            "operatingExpenses": "284333000",
            "investmentIncomeNet": "10227000",
            "netInterestIncome": "None",
            "interestIncome": "None",
            "interestExpense": "10227000",
            "nonInterestIncome": "831000",
            "otherNonOperatingIncome": "735000",
            "depreciation": "16014000",
            "depreciationAndAmortization": "23146000",
            "incomeBeforeTax": "153980000",
            "incomeTaxExpense": "24606000",
            "interestAndDebtExpense": "None",
            "netIncomeFromContinuingOperations": "129374000",
            "comprehensiveIncomeNetOfTax": "137840000",
            "ebit": "142202000",
            "ebitda": "187353000",
            "netIncome": "129374000"
        }
    ]
}