{
    "symbol": "GWW",
    "annualReports": [
        {
            "fiscalDateEnding": "2022-12-31",
            "reportedCurrency": "USD",
            "grossProfit": "5849000000",
            "totalRevenue": "15137000000",
            "costOfRevenue": "13237000000",
            "costofGoodsAndServicesSold": "9379000000",
            "operatingIncome": "2215000000",
            "sellingGeneralAndAdministrative": "3634000000",
            "researchAndDevelopment": "None",
            "operatingExpenses": "3863000000",
            "investmentIncomeNet": "None",
            "netInterestIncome": "-93000000",
            "interestIncome": "93000000",
            "interestExpense": "93000000",
            "nonInterestIncome": "15228000000",
            "otherNonOperatingIncome": "24000000",
            "depreciation": "139000000",
            "depreciationAndAmortization": "217000000",
            "incomeBeforeTax": "2080000000",
            "incomeTaxExpense": "533000000",
            "interestAndDebtExpense": "None",
            "netIncomeFromContinuingOperations": "1613000000",
            "comprehensiveIncomeNetOfTax": "1463000000",
            "ebit": "2215000000",
            "ebitda": "2432000000",
            "netIncome": "1547000000"
        },
        {
            "fiscalDateEnding": "2021-12-31",
            "reportedCurrency": "USD",
            "grossProfit": "4720000000",
            "totalRevenue": "12937000000",
            "costOfRevenue": "11660000000",
            "costofGoodsAndServicesSold": "8302000000",
            "operatingIncome": "1547000000",
            "sellingGeneralAndAdministrative": "3173000000",
            "researchAndDevelopment": "None",
            "operatingExpenses": "3370000000",
            "investmentIncomeNet": "None",
            "netInterestIncome": "-87000000",
            "interestIncome": "-86000000",
            "interestExpense": "1000000",
            "nonInterestIncome": "13022000000",
            "otherNonOperatingIncome": "25000000",
            "depreciation": "123000000",
            "depreciationAndAmortization": "185000000",
            "incomeBeforeTax": "1414000000",
            "incomeTaxExpense": "371000000",
            "interestAndDebtExpense": "1000000",
            "netIncomeFromContinuingOperations": "1114000000",
            "comprehensiveIncomeNetOfTax": "1008000000",
            "ebit": "1547000000",
            "ebitda": "1600000000",
            "netIncome": "1043000000"
        },
        {
            "fiscalDateEnding": "2020-12-31",
            "reportedCurrency": "USD",
            "grossProfit": "4238000000",
            "totalRevenue": "11598000000",
            "costOfRevenue": "11147000000",
            "costofGoodsAndServicesSold": "7559000000",
            "operatingIncome": "1019000000",
            "sellingGeneralAndAdministrative": "3219000000",
            "researchAndDevelopment": "None",
            "operatingExpenses": "3716000000",
            "investmentIncomeNet": "None",
            "netInterestIncome": "-93000000",
            "interestIncome": "-89000000",
            "interestExpense": "4000000",
            "nonInterestIncome": "11691000000",
            "otherNonOperatingIncome": "21000000",
            "depreciation": "116000000",
            "depreciationAndAmortization": "182000000",
            "incomeBeforeTax": "887000000",
            "incomeTaxExpense": "192000000",
            "interestAndDebtExpense": "4000000",
            "netIncomeFromContinuingOperations": "755000000",
            "comprehensiveIncomeNetOfTax": "788000000",
            "ebit": "1019000000",
            "ebitda": "1073000000",
            "netIncome": "695000000"
        },
        {
            "fiscalDateEnding": "2019-12-31",
            "reportedCurrency": "USD",
            "grossProfit": "4397000000",
            "totalRevenue": "11413000000",
            "costOfRevenue": "10576000000",
            "costofGoodsAndServicesSold": "7089000000",
            "operatingIncome": "1262000000",
            "sellingGeneralAndAdministrative": "3135000000",
            "researchAndDevelopment": "None",
            "operatingExpenses": "3493000000",
            "investmentIncomeNet": "None",
            "netInterestIncome": "-79000000",
            "interestIncome": "-70000000",
            "interestExpense": "9000000",
            "nonInterestIncome": "11492000000",
            "otherNonOperatingIncome": "26000000",
            "depreciation": "150000000",
            "depreciationAndAmortization": "229000000",
            "incomeBeforeTax": "1163000000",
            "incomeTaxExpense": "314000000",
            "interestAndDebtExpense": "9000000",
            "netIncomeFromContinuingOperations": "895000000",
            "comprehensiveIncomeNetOfTax": "866000000",
            "ebit": "1262000000",
            "ebitda": "1401000000",
            "netIncome": "849000000"
        },
        {
            "fiscalDateEnding": "2018-12-31",
            "reportedCurrency": "USD",
            "grossProfit": "4348000000",
            "totalRevenue": "11158000000",
            "costOfRevenue": "10523000000",
            "costofGoodsAndServicesSold": "6873000000",
            "operatingIncome": "1158000000",
            "sellingGeneralAndAdministrative": "3190000000",
            "researchAndDevelopment": "None",
            "operatingExpenses": "3632000000",
            "investmentIncomeNet": "6000000",
            "netInterestIncome": "-82000000",
            "interestIncome": "6000000",
            "interestExpense": "88000000",
            "nonInterestIncome": "25000000",
            "otherNonOperatingIncome": "5000000",
            "depreciation": "162000000",
            "depreciationAndAmortization": "257000000",
            "incomeBeforeTax": "1040000000",
            "incomeTaxExpense": "258000000",
            "interestAndDebtExpense": "88000000",
            "netIncomeFromContinuingOperations": "823000000",
            "comprehensiveIncomeNetOfTax": "731000000",
            "ebit": "1128000000",
            "ebitda": "1385000000",
            "netIncome": "782000000"
        }
    ],
    "quarterlyReports": [
        {
            "fiscalDateEnding": "2023-03-31",
            "reportedCurrency": "USD",
            "grossProfit": "1634000000",
            "totalRevenue": "4067000000",
            "costOfRevenue": "3462000000",
            "costofGoodsAndServicesSold": "2457000000",
            "operatingIncome": "680000000",
            "sellingGeneralAndAdministrative": "954000000",
            "researchAndDevelopment": "None",
            "operatingExpenses": "1009000000",
            "investmentIncomeNet": "None",
            "netInterestIncome": "-24000000",
            "interestIncome": "None",
            "interestExpense": "24000000",
            "nonInterestIncome": "4091000000",
            "otherNonOperatingIncome": "6000000",
            "depreciation": "None",
            "depreciationAndAmortization": "51000000",
            "incomeBeforeTax": "642000000",
            "incomeTaxExpense": "154000000",
            "interestAndDebtExpense": "None",
            "netIncomeFromContinuingOperations": "508000000",
            "comprehensiveIncomeNetOfTax": "492000000",
            "ebit": "680000000",
            "ebitda": "731000000",
            "netIncome": "488000000"
        },
        {
            "fiscalDateEnding": "2022-12-31",
            "reportedCurrency": "USD",
            "grossProfit": "1506000000",
            "totalRevenue": "3781000000",
            "costOfRevenue": "3323000000",
            "costofGoodsAndServicesSold": "2296000000",
            "operatingIncome": "544000000",
            "sellingGeneralAndAdministrative": "962000000",
            "researchAndDevelopment": "None",
            "operatingExpenses": "1018000000",
            "investmentIncomeNet": "None",
            "netInterestIncome": "-23000000",
            "interestIncome": "23000000",
            "interestExpense": "23000000",
            "nonInterestIncome": "3802000000",
            "otherNonOperatingIncome": "4000000",
            "depreciation": "None",
            "depreciationAndAmortization": "58000000",
            "incomeBeforeTax": "512000000",
            "incomeTaxExpense": "128000000",
            "interestAndDebtExpense": "None",
            "netIncomeFromContinuingOperations": "397000000",
            "comprehensiveIncomeNetOfTax": "429000000",
            "ebit": "544000000",
            "ebitda": "602000000",
            "netIncome": "384000000"
        },
        {
            "fiscalDateEnding": "2022-09-30",
            "reportedCurrency": "USD",
            "grossProfit": "1519000000",
            "totalRevenue": "3917000000",
            "costOfRevenue": "3339000000",
            "costofGoodsAndServicesSold": "2423000000",
            "operatingIncome": "603000000",
            "sellingGeneralAndAdministrative": "916000000",
            "researchAndDevelopment": "None",
            "operatingExpenses": "916000000",
            "investmentIncomeNet": "None",
            "netInterestIncome": "-25000000",
            "interestIncome": "25000000",
            "interestExpense": "25000000",
            "nonInterestIncome": "3942000000",
            "otherNonOperatingIncome": "9000000",
            "depreciation": "None",
            "depreciationAndAmortization": "52000000",
            "incomeBeforeTax": "571000000",
            "incomeTaxExpense": "145000000",
            "interestAndDebtExpense": "None",
            "netIncomeFromContinuingOperations": "442000000",
            "comprehensiveIncomeNetOfTax": "366000000",
            "ebit": "603000000",
            "ebitda": "655000000",
            "netIncome": "426000000"
        },
        {
            "fiscalDateEnding": "2022-06-30",
            "reportedCurrency": "USD",
            "grossProfit": "1441000000",
            "totalRevenue": "3815000000",
            "costOfRevenue": "3303000000",
            "costofGoodsAndServicesSold": "2396000000",
            "operatingIncome": "534000000",
            "sellingGeneralAndAdministrative": "907000000",
            "researchAndDevelopment": "None",
            "operatingExpenses": "907000000",
            "investmentIncomeNet": "None",
            "netInterestIncome": "-22000000",
            "interestIncome": "22000000",
            "interestExpense": "22000000",
            "nonInterestIncome": "3837000000",
            "otherNonOperatingIncome": "5000000",
            "depreciation": "None",
            "depreciationAndAmortization": "55000000",
            "incomeBeforeTax": "499000000",
            "incomeTaxExpense": "128000000",
            "interestAndDebtExpense": "None",
            "netIncomeFromContinuingOperations": "389000000",
            "comprehensiveIncomeNetOfTax": "315000000",
            "ebit": "534000000",
            "ebitda": "589000000",
            "netIncome": "371000000"
        },
        {
            "fiscalDateEnding": "2022-03-31",
            "reportedCurrency": "USD",
            "grossProfit": "1383000000",
            "totalRevenue": "3624000000",
            "costOfRevenue": "3165000000",
            "costofGoodsAndServicesSold": "2264000000",
            "operatingIncome": "534000000",
            "sellingGeneralAndAdministrative": "849000000",
            "researchAndDevelopment": "None",
            "operatingExpenses": "905000000",
            "investmentIncomeNet": "None",
            "netInterestIncome": "-23000000",
            "interestIncome": "23000000",
            "interestExpense": "23000000",
            "nonInterestIncome": "3647000000",
            "otherNonOperatingIncome": "6000000",
            "depreciation": "None",
            "depreciationAndAmortization": "52000000",
            "incomeBeforeTax": "498000000",
            "incomeTaxExpense": "132000000",
            "interestAndDebtExpense": "None",
            "netIncomeFromContinuingOperations": "385000000",
            "comprehensiveIncomeNetOfTax": "353000000",
            "ebit": "534000000",
            "ebitda": "586000000",
            "netIncome": "366000000"
        },
        {
            "fiscalDateEnding": "2021-12-31",
            "reportedCurrency": "USD",
            "grossProfit": "1253000000",
            "totalRevenue": "3339000000",
            "costOfRevenue": "2990000000",
            "costofGoodsAndServicesSold": "2106000000",
            "operatingIncome": "417000000",
            "sellingGeneralAndAdministrative": "836000000",
            "researchAndDevelopment": "None",
            "operatingExpenses": "887000000",
            "investmentIncomeNet": "None",
            "netInterestIncome": "-22000000",
            "interestIncome": "22000000",
            "interestExpense": "22000000",
            "nonInterestIncome": "3359000000",
            "otherNonOperatingIncome": "6000000",
            "depreciation": "None",
            "depreciationAndAmortization": "48000000",
            "incomeBeforeTax": "383000000",
            "incomeTaxExpense": "100000000",
            "interestAndDebtExpense": "None",
            "netIncomeFromContinuingOperations": "301000000",
            "comprehensiveIncomeNetOfTax": "281000000",
            "ebit": "417000000",
            "ebitda": "465000000",
            "netIncome": "283000000"
        },
        {
            "fiscalDateEnding": "2021-09-30",
            "reportedCurrency": "USD",
            "grossProfit": "1250000000",
            "totalRevenue": "3350000000",
            "costOfRevenue": "2934000000",
            "costofGoodsAndServicesSold": "2122000000",
            "operatingIncome": "438000000",
            "sellingGeneralAndAdministrative": "812000000",
            "researchAndDevelopment": "None",
            "operatingExpenses": "812000000",
            "investmentIncomeNet": "None",
            "netInterestIncome": "-22000000",
            "interestIncome": "22000000",
            "interestExpense": "22000000",
            "nonInterestIncome": "3372000000",
            "otherNonOperatingIncome": "6000000",
            "depreciation": "None",
            "depreciationAndAmortization": "45000000",
            "incomeBeforeTax": "404000000",
            "incomeTaxExpense": "107000000",
            "interestAndDebtExpense": "None",
            "netIncomeFromContinuingOperations": "315000000",
            "comprehensiveIncomeNetOfTax": "277000000",
            "ebit": "438000000",
            "ebitda": "483000000",
            "netIncome": "297000000"
        },
        {
            "fiscalDateEnding": "2021-06-30",
            "reportedCurrency": "USD",
            "grossProfit": "1124000000",
            "totalRevenue": "3185000000",
            "costOfRevenue": "2873000000",
            "costofGoodsAndServicesSold": "2083000000",
            "operatingIncome": "334000000",
            "sellingGeneralAndAdministrative": "790000000",
            "researchAndDevelopment": "None",
            "operatingExpenses": "790000000",
            "investmentIncomeNet": "None",
            "netInterestIncome": "-22000000",
            "interestIncome": "22000000",
            "interestExpense": "22000000",
            "nonInterestIncome": "3207000000",
            "otherNonOperatingIncome": "7000000",
            "depreciation": "None",
            "depreciationAndAmortization": "49000000",
            "incomeBeforeTax": "301000000",
            "incomeTaxExpense": "76000000",
            "interestAndDebtExpense": "None",
            "netIncomeFromContinuingOperations": "243000000",
            "comprehensiveIncomeNetOfTax": "232000000",
            "ebit": "334000000",
            "ebitda": "383000000",
            "netIncome": "225000000"
        },
        {
            "fiscalDateEnding": "2021-03-31",
            "reportedCurrency": "USD",
            "grossProfit": "1093000000",
            "totalRevenue": "3063000000",
            "costOfRevenue": "2769000000",
            "costofGoodsAndServicesSold": "1991000000",
            "operatingIncome": "358000000",
            "sellingGeneralAndAdministrative": "735000000",
            "researchAndDevelopment": "None",
            "operatingExpenses": "777000000",
            "investmentIncomeNet": "None",
            "netInterestIncome": "-21000000",
            "interestIncome": "21000000",
            "interestExpense": "21000000",
            "nonInterestIncome": "3084000000",
            "otherNonOperatingIncome": "6000000",
            "depreciation": "None",
            "depreciationAndAmortization": "43000000",
            "incomeBeforeTax": "326000000",
            "incomeTaxExpense": "88000000",
            "interestAndDebtExpense": "None",
            "netIncomeFromContinuingOperations": "255000000",
            "comprehensiveIncomeNetOfTax": "218000000",
            "ebit": "358000000",
            "ebitda": "401000000",
            "netIncome": "238000000"
        },
        {
            "fiscalDateEnding": "2020-12-31",
            "reportedCurrency": "USD",
            "grossProfit": "1027000000",
            "totalRevenue": "2941000000",
            "costOfRevenue": "2666000000",
            "costofGoodsAndServicesSold": "1914000000",
            "operatingIncome": "275000000",
            "sellingGeneralAndAdministrative": "752000000",
            "researchAndDevelopment": "None",
            "operatingExpenses": "752000000",
            "investmentIncomeNet": "None",
            "netInterestIncome": "-21000000",
            "interestIncome": "21000000",
            "interestExpense": "21000000",
            "nonInterestIncome": "2941000000",
            "otherNonOperatingIncome": "5000000",
            "depreciation": "None",
            "depreciationAndAmortization": "45000000",
            "incomeBeforeTax": "242000000",
            "incomeTaxExpense": "74000000",
            "interestAndDebtExpense": "None",
            "netIncomeFromContinuingOperations": "275000000",
            "comprehensiveIncomeNetOfTax": "241000000",
            "ebit": "275000000",
            "ebitda": "320000000",
            "netIncome": "168000000"
        },
        {
            "fiscalDateEnding": "2020-09-30",
            "reportedCurrency": "USD",
            "grossProfit": "1074000000",
            "totalRevenue": "2995000000",
            "costOfRevenue": "2638000000",
            "costofGoodsAndServicesSold": "1944000000",
            "operatingIncome": "380000000",
            "sellingGeneralAndAdministrative": "694000000",
            "researchAndDevelopment": "None",
            "operatingExpenses": "694000000",
            "investmentIncomeNet": "None",
            "netInterestIncome": "-23000000",
            "interestIncome": "23000000",
            "interestExpense": "23000000",
            "nonInterestIncome": "3018000000",
            "otherNonOperatingIncome": "5000000",
            "depreciation": "None",
            "depreciationAndAmortization": "42000000",
            "incomeBeforeTax": "346000000",
            "incomeTaxExpense": "106000000",
            "interestAndDebtExpense": "None",
            "netIncomeFromContinuingOperations": "256000000",
            "comprehensiveIncomeNetOfTax": "257000000",
            "ebit": "380000000",
            "ebitda": "422000000",
            "netIncome": "240000000"
        },
        {
            "fiscalDateEnding": "2020-06-30",
            "reportedCurrency": "USD",
            "grossProfit": "1016000000",
            "totalRevenue": "2809000000",
            "costOfRevenue": "2632000000",
            "costofGoodsAndServicesSold": "1821000000",
            "operatingIncome": "205000000",
            "sellingGeneralAndAdministrative": "811000000",
            "researchAndDevelopment": "None",
            "operatingExpenses": "811000000",
            "investmentIncomeNet": "None",
            "netInterestIncome": "-28000000",
            "interestIncome": "28000000",
            "interestExpense": "28000000",
            "nonInterestIncome": "2837000000",
            "otherNonOperatingIncome": "7000000",
            "depreciation": "None",
            "depreciationAndAmortization": "50000000",
            "incomeBeforeTax": "169000000",
            "incomeTaxExpense": "55000000",
            "interestAndDebtExpense": "None",
            "netIncomeFromContinuingOperations": "129000000",
            "comprehensiveIncomeNetOfTax": "180000000",
            "ebit": "205000000",
            "ebitda": "255000000",
            "netIncome": "114000000"
        },
        {
            "fiscalDateEnding": "2020-03-31",
            "reportedCurrency": "USD",
            "grossProfit": "1121000000",
            "totalRevenue": "2980000000",
            "costOfRevenue": "3064000000",
            "costofGoodsAndServicesSold": "1880000000",
            "operatingIncome": "159000000",
            "sellingGeneralAndAdministrative": "962000000",
            "researchAndDevelopment": "None",
            "operatingExpenses": "1193000000",
            "investmentIncomeNet": "None",
            "netInterestIncome": "-21000000",
            "interestIncome": "21000000",
            "interestExpense": "21000000",
            "nonInterestIncome": "3001000000",
            "otherNonOperatingIncome": "4000000",
            "depreciation": "None",
            "depreciationAndAmortization": "45000000",
            "incomeBeforeTax": "130000000",
            "incomeTaxExpense": "-43000000",
            "interestAndDebtExpense": "None",
            "netIncomeFromContinuingOperations": "185000000",
            "comprehensiveIncomeNetOfTax": "110000000",
            "ebit": "159000000",
            "ebitda": "204000000",
            "netIncome": "173000000"
        },
        {
            "fiscalDateEnding": "2019-12-31",
            "reportedCurrency": "USD",
            "grossProfit": "1082000000",
            "totalRevenue": "2847000000",
            "costOfRevenue": "2666000000",
            "costofGoodsAndServicesSold": "1765000000",
            "operatingIncome": "181000000",
            "sellingGeneralAndAdministrative": "901000000",
            "researchAndDevelopment": "None",
            "operatingExpenses": "901000000",
            "investmentIncomeNet": "None",
            "netInterestIncome": "-19000000",
            "interestIncome": "-74000000",
            "interestExpense": "-55000000",
            "nonInterestIncome": "2847000000",
            "otherNonOperatingIncome": "8000000",
            "depreciation": "None",
            "depreciationAndAmortization": "58000000",
            "incomeBeforeTax": "156000000",
            "incomeTaxExpense": "53000000",
            "interestAndDebtExpense": "-55000000",
            "netIncomeFromContinuingOperations": "181000000",
            "comprehensiveIncomeNetOfTax": "123000000",
            "ebit": "181000000",
            "ebitda": "159000000",
            "netIncome": "103000000"
        },
        {
            "fiscalDateEnding": "2019-09-30",
            "reportedCurrency": "USD",
            "grossProfit": "1099000000",
            "totalRevenue": "2926000000",
            "costOfRevenue": "2609000000",
            "costofGoodsAndServicesSold": "1848000000",
            "operatingIncome": "338000000",
            "sellingGeneralAndAdministrative": "761000000",
            "researchAndDevelopment": "None",
            "operatingExpenses": "761000000",
            "investmentIncomeNet": "1000000",
            "netInterestIncome": "-20000000",
            "interestIncome": "1000000",
            "interestExpense": "21000000",
            "nonInterestIncome": "2947000000",
            "otherNonOperatingIncome": "4000000",
            "depreciation": "None",
            "depreciationAndAmortization": "58000000",
            "incomeBeforeTax": "311000000",
            "incomeTaxExpense": "78000000",
            "interestAndDebtExpense": "21000000",
            "netIncomeFromContinuingOperations": "244000000",
            "comprehensiveIncomeNetOfTax": "215000000",
            "ebit": "332000000",
            "ebitda": "390000000",
            "netIncome": "233000000"
        },
        {
            "fiscalDateEnding": "2019-06-30",
            "reportedCurrency": "USD",
            "grossProfit": "1121000000",
            "totalRevenue": "2871000000",
            "costOfRevenue": "2513000000",
            "costofGoodsAndServicesSold": "1772000000",
            "operatingIncome": "380000000",
            "sellingGeneralAndAdministrative": "741000000",
            "researchAndDevelopment": "None",
            "operatingExpenses": "741000000",
            "investmentIncomeNet": "1000000",
            "netInterestIncome": "-21000000",
            "interestIncome": "1000000",
            "interestExpense": "22000000",
            "nonInterestIncome": "2893000000",
            "otherNonOperatingIncome": "7000000",
            "depreciation": "None",
            "depreciationAndAmortization": "56000000",
            "incomeBeforeTax": "354000000",
            "incomeTaxExpense": "94000000",
            "interestAndDebtExpense": "22000000",
            "netIncomeFromContinuingOperations": "272000000",
            "comprehensiveIncomeNetOfTax": "272000000",
            "ebit": "376000000",
            "ebitda": "432000000",
            "netIncome": "260000000"
        },
        {
            "fiscalDateEnding": "2019-03-31",
            "reportedCurrency": "USD",
            "grossProfit": "1095000000",
            "totalRevenue": "2778000000",
            "costOfRevenue": "2493000000",
            "costofGoodsAndServicesSold": "1704000000",
            "operatingIncome": "363000000",
            "sellingGeneralAndAdministrative": "732000000",
            "researchAndDevelopment": "None",
            "operatingExpenses": "791000000",
            "investmentIncomeNet": "2000000",
            "netInterestIncome": "-19000000",
            "interestIncome": "2000000",
            "interestExpense": "21000000",
            "nonInterestIncome": "2799000000",
            "otherNonOperatingIncome": "7000000",
            "depreciation": "None",
            "depreciationAndAmortization": "57000000",
            "incomeBeforeTax": "342000000",
            "incomeTaxExpense": "89000000",
            "interestAndDebtExpense": "21000000",
            "netIncomeFromContinuingOperations": "262000000",
            "comprehensiveIncomeNetOfTax": "256000000",
            "ebit": "363000000",
            "ebitda": "420000000",
            "netIncome": "253000000"
        },
        {
            "fiscalDateEnding": "2018-12-31",
            "reportedCurrency": "USD",
            "grossProfit": "1066000000",
            "totalRevenue": "2763000000",
            "costOfRevenue": "2473000000",
            "costofGoodsAndServicesSold": "1697000000",
            "operatingIncome": "290000000",
            "sellingGeneralAndAdministrative": "776000000",
            "researchAndDevelopment": "None",
            "operatingExpenses": "776000000",
            "investmentIncomeNet": "2355000",
            "netInterestIncome": "-12058000",
            "interestIncome": "5942000",
            "interestExpense": "18000000",
            "nonInterestIncome": "2763000000",
            "otherNonOperatingIncome": "5000000",
            "depreciation": "None",
            "depreciationAndAmortization": "65000000",
            "incomeBeforeTax": "269000000",
            "incomeTaxExpense": "60000000",
            "interestAndDebtExpense": "18058000",
            "netIncomeFromContinuingOperations": "290000000",
            "comprehensiveIncomeNetOfTax": "188000000",
            "ebit": "287000000",
            "ebitda": "352000000",
            "netIncome": "209000000"
        },
        {
            "fiscalDateEnding": "2018-09-30",
            "reportedCurrency": "USD",
            "grossProfit": "1079000000",
            "totalRevenue": "2809076000",
            "costOfRevenue": "2646182000",
            "costofGoodsAndServicesSold": "1752000000",
            "operatingIncome": "189000000",
            "sellingGeneralAndAdministrative": "890000000",
            "researchAndDevelopment": "None",
            "operatingExpenses": "893988000",
            "investmentIncomeNet": "2003000",
            "netInterestIncome": "-22353000",
            "interestIncome": "-353000",
            "interestExpense": "22000000",
            "nonInterestIncome": "2831000000",
            "otherNonOperatingIncome": "2000000",
            "depreciation": "None",
            "depreciationAndAmortization": "64000000",
            "incomeBeforeTax": "160000000",
            "incomeTaxExpense": "56000000",
            "interestAndDebtExpense": "22353000",
            "netIncomeFromContinuingOperations": "115045000",
            "comprehensiveIncomeNetOfTax": "107000000",
            "ebit": "182000000",
            "ebitda": "246000000",
            "netIncome": "104000000"
        },
        {
            "fiscalDateEnding": "2018-06-30",
            "reportedCurrency": "USD",
            "grossProfit": "1111000000",
            "totalRevenue": "2837288000",
            "costOfRevenue": "2530173000",
            "costofGoodsAndServicesSold": "1750000000",
            "operatingIncome": "344000000",
            "sellingGeneralAndAdministrative": "767000000",
            "researchAndDevelopment": "None",
            "operatingExpenses": "780902000",
            "investmentIncomeNet": "1014000",
            "netInterestIncome": "-22924000",
            "interestIncome": "76000",
            "interestExpense": "23000000",
            "nonInterestIncome": "2861000000",
            "otherNonOperatingIncome": "1000000",
            "depreciation": "None",
            "depreciationAndAmortization": "64000000",
            "incomeBeforeTax": "313000000",
            "incomeTaxExpense": "76000000",
            "interestAndDebtExpense": "22924000",
            "netIncomeFromContinuingOperations": "247743000",
            "comprehensiveIncomeNetOfTax": "192000000",
            "ebit": "336000000",
            "ebitda": "400000000",
            "netIncome": "237000000"
        }
    ]
}