{
    "symbol": "HES",
    "annualReports": [
        {
            "fiscalDateEnding": "2022-12-31",
            "reportedCurrency": "USD",
            "grossProfit": "10951000000",
            "totalRevenue": "11570000000",
            "costOfRevenue": "619000000",
            "costofGoodsAndServicesSold": "3410000000",
            "operatingIncome": "8427000000",
            "sellingGeneralAndAdministrative": "531000000",
            "researchAndDevelopment": "None",
            "operatingExpenses": "1882000000",
            "investmentIncomeNet": "None",
            "netInterestIncome": "-493000000",
            "interestIncome": "493000000",
            "interestExpense": "493000000",
            "nonInterestIncome": "12535000000",
            "otherNonOperatingIncome": "145000000",
            "depreciation": "None",
            "depreciationAndAmortization": "18000000",
            "incomeBeforeTax": "3195000000",
            "incomeTaxExpense": "1099000000",
            "interestAndDebtExpense": "493000000",
            "netIncomeFromContinuingOperations": "2096000000",
            "comprehensiveIncomeNetOfTax": "2371000000",
            "ebit": "3688000000",
            "ebitda": "3706000000",
            "netIncome": "2096000000"
        },
        {
            "fiscalDateEnding": "2021-12-31",
            "reportedCurrency": "USD",
            "grossProfit": "7146000000",
            "totalRevenue": "7583000000",
            "costOfRevenue": "437000000",
            "costofGoodsAndServicesSold": "2929000000",
            "operatingIncome": "5367000000",
            "sellingGeneralAndAdministrative": "340000000",
            "researchAndDevelopment": "None",
            "operatingExpenses": "1540000000",
            "investmentIncomeNet": "None",
            "netInterestIncome": "-481000000",
            "interestIncome": "481000000",
            "interestExpense": "481000000",
            "nonInterestIncome": "7712000000",
            "otherNonOperatingIncome": "81000000",
            "depreciation": "None",
            "depreciationAndAmortization": "24000000",
            "incomeBeforeTax": "1159000000",
            "incomeTaxExpense": "600000000",
            "interestAndDebtExpense": "481000000",
            "netIncomeFromContinuingOperations": "559000000",
            "comprehensiveIncomeNetOfTax": "908000000",
            "ebit": "1640000000",
            "ebitda": "1664000000",
            "netIncome": "559000000"
        },
        {
            "fiscalDateEnding": "2020-12-31",
            "reportedCurrency": "USD",
            "grossProfit": "2217000000",
            "totalRevenue": "4804000000",
            "costOfRevenue": "2587000000",
            "costofGoodsAndServicesSold": "3416000000",
            "operatingIncome": "1215000000",
            "sellingGeneralAndAdministrative": "357000000",
            "researchAndDevelopment": "None",
            "operatingExpenses": "1488000000",
            "investmentIncomeNet": "None",
            "netInterestIncome": "-468000000",
            "interestIncome": "468000000",
            "interestExpense": "468000000",
            "nonInterestIncome": "4181000000",
            "otherNonOperatingIncome": "50000000",
            "depreciation": "None",
            "depreciationAndAmortization": "31000000",
            "incomeBeforeTax": "-3104000000",
            "incomeTaxExpense": "-11000000",
            "interestAndDebtExpense": "468000000",
            "netIncomeFromContinuingOperations": "-3093000000",
            "comprehensiveIncomeNetOfTax": "-3149000000",
            "ebit": "-2636000000",
            "ebitda": "-2605000000",
            "netIncome": "-3093000000"
        },
        {
            "fiscalDateEnding": "2019-12-31",
            "reportedCurrency": "USD",
            "grossProfit": "5920000000",
            "totalRevenue": "6510000000",
            "costOfRevenue": "590000000",
            "costofGoodsAndServicesSold": "5279000000",
            "operatingIncome": "4325000000",
            "sellingGeneralAndAdministrative": "397000000",
            "researchAndDevelopment": "None",
            "operatingExpenses": "1612000000",
            "investmentIncomeNet": "None",
            "netInterestIncome": "-380000000",
            "interestIncome": "377000000",
            "interestExpense": "380000000",
            "nonInterestIncome": "6478000000",
            "otherNonOperatingIncome": "-7000000",
            "depreciation": "None",
            "depreciationAndAmortization": "43000000",
            "incomeBeforeTax": "53000000",
            "incomeTaxExpense": "461000000",
            "interestAndDebtExpense": "380000000",
            "netIncomeFromContinuingOperations": "-408000000",
            "comprehensiveIncomeNetOfTax": "-801000000",
            "ebit": "433000000",
            "ebitda": "476000000",
            "netIncome": "-408000000"
        },
        {
            "fiscalDateEnding": "2018-12-31",
            "reportedCurrency": "USD",
            "grossProfit": "5845000000",
            "totalRevenue": "6466000000",
            "costOfRevenue": "621000000",
            "costofGoodsAndServicesSold": "4959000000",
            "operatingIncome": "4103000000",
            "sellingGeneralAndAdministrative": "473000000",
            "researchAndDevelopment": "None",
            "operatingExpenses": "1575000000",
            "investmentIncomeNet": "None",
            "netInterestIncome": "-399000000",
            "interestIncome": "404000000",
            "interestExpense": "399000000",
            "nonInterestIncome": "6445000000",
            "otherNonOperatingIncome": "111000000",
            "depreciation": "None",
            "depreciationAndAmortization": "None",
            "incomeBeforeTax": "53000000",
            "incomeTaxExpense": "335000000",
            "interestAndDebtExpense": "452000000",
            "netIncomeFromContinuingOperations": "-282000000",
            "comprehensiveIncomeNetOfTax": "199000000",
            "ebit": "452000000",
            "ebitda": "452000000",
            "netIncome": "-282000000"
        }
    ],
    "quarterlyReports": [
        {
            "fiscalDateEnding": "2022-12-31",
            "reportedCurrency": "USD",
            "grossProfit": "2784000000",
            "totalRevenue": "3054000000",
            "costOfRevenue": "270000000",
            "costofGoodsAndServicesSold": "944000000",
            "operatingIncome": "2054000000",
            "sellingGeneralAndAdministrative": "217000000",
            "researchAndDevelopment": "None",
            "operatingExpenses": "526000000",
            "investmentIncomeNet": "None",
            "netInterestIncome": "-124000000",
            "interestIncome": "124000000",
            "interestExpense": "124000000",
            "nonInterestIncome": "3707000000",
            "otherNonOperatingIncome": "44000000",
            "depreciation": "None",
            "depreciationAndAmortization": "504000000",
            "incomeBeforeTax": "789000000",
            "incomeTaxExpense": "292000000",
            "interestAndDebtExpense": "124000000",
            "netIncomeFromContinuingOperations": "231000000",
            "comprehensiveIncomeNetOfTax": "696000000",
            "ebit": "913000000",
            "ebitda": "1552000000",
            "netIncome": "497000000"
        },
        {
            "fiscalDateEnding": "2022-09-30",
            "reportedCurrency": "USD",
            "grossProfit": "3048000000",
            "totalRevenue": "3157000000",
            "costOfRevenue": "109000000",
            "costofGoodsAndServicesSold": "941000000",
            "operatingIncome": "2376000000",
            "sellingGeneralAndAdministrative": "109000000",
            "researchAndDevelopment": "None",
            "operatingExpenses": "507000000",
            "investmentIncomeNet": "None",
            "netInterestIncome": "-125000000",
            "interestIncome": "125000000",
            "interestExpense": "125000000",
            "nonInterestIncome": "3287000000",
            "otherNonOperatingIncome": "35000000",
            "depreciation": "None",
            "depreciationAndAmortization": "471000000",
            "incomeBeforeTax": "797000000",
            "incomeTaxExpense": "282000000",
            "interestAndDebtExpense": "125000000",
            "netIncomeFromContinuingOperations": "606000000",
            "comprehensiveIncomeNetOfTax": "670000000",
            "ebit": "922000000",
            "ebitda": "1393000000",
            "netIncome": "515000000"
        },
        {
            "fiscalDateEnding": "2022-06-30",
            "reportedCurrency": "USD",
            "grossProfit": "2891000000",
            "totalRevenue": "2988000000",
            "costOfRevenue": "97000000",
            "costofGoodsAndServicesSold": "814000000",
            "operatingIncome": "2278000000",
            "sellingGeneralAndAdministrative": "95000000",
            "researchAndDevelopment": "None",
            "operatingExpenses": "448000000",
            "investmentIncomeNet": "None",
            "netInterestIncome": "-121000000",
            "interestIncome": "121000000",
            "interestExpense": "121000000",
            "nonInterestIncome": "3120000000",
            "otherNonOperatingIncome": "30000000",
            "depreciation": "None",
            "depreciationAndAmortization": "391000000",
            "incomeBeforeTax": "995000000",
            "incomeTaxExpense": "328000000",
            "interestAndDebtExpense": "121000000",
            "netIncomeFromContinuingOperations": "754000000",
            "comprehensiveIncomeNetOfTax": "948000000",
            "ebit": "1116000000",
            "ebitda": "1507000000",
            "netIncome": "667000000"
        },
        {
            "fiscalDateEnding": "2022-03-31",
            "reportedCurrency": "USD",
            "grossProfit": "2255000000",
            "totalRevenue": "2371000000",
            "costOfRevenue": "116000000",
            "costofGoodsAndServicesSold": "711000000",
            "operatingIncome": "1746000000",
            "sellingGeneralAndAdministrative": "110000000",
            "researchAndDevelopment": "None",
            "operatingExpenses": "401000000",
            "investmentIncomeNet": "None",
            "netInterestIncome": "-123000000",
            "interestIncome": "123000000",
            "interestExpense": "123000000",
            "nonInterestIncome": "2421000000",
            "otherNonOperatingIncome": "36000000",
            "depreciation": "None",
            "depreciationAndAmortization": "337000000",
            "incomeBeforeTax": "614000000",
            "incomeTaxExpense": "197000000",
            "interestAndDebtExpense": "123000000",
            "netIncomeFromContinuingOperations": "505000000",
            "comprehensiveIncomeNetOfTax": "57000000",
            "ebit": "737000000",
            "ebitda": "1074000000",
            "netIncome": "417000000"
        },
        {
            "fiscalDateEnding": "2021-12-31",
            "reportedCurrency": "USD",
            "grossProfit": "2092000000",
            "totalRevenue": "2255000000",
            "costOfRevenue": "163000000",
            "costofGoodsAndServicesSold": "763000000",
            "operatingIncome": "1660000000",
            "sellingGeneralAndAdministrative": "86000000",
            "researchAndDevelopment": "None",
            "operatingExpenses": "402000000",
            "investmentIncomeNet": "None",
            "netInterestIncome": "-121000000",
            "interestIncome": "121000000",
            "interestExpense": "121000000",
            "nonInterestIncome": "2267000000",
            "otherNonOperatingIncome": "18000000",
            "depreciation": "None",
            "depreciationAndAmortization": "398000000",
            "incomeBeforeTax": "477000000",
            "incomeTaxExpense": "212000000",
            "interestAndDebtExpense": "121000000",
            "netIncomeFromContinuingOperations": "25000000",
            "comprehensiveIncomeNetOfTax": "655000000",
            "ebit": "598000000",
            "ebitda": "996000000",
            "netIncome": "265000000"
        },
        {
            "fiscalDateEnding": "2021-09-30",
            "reportedCurrency": "USD",
            "grossProfit": "1734000000",
            "totalRevenue": "1811000000",
            "costOfRevenue": "77000000",
            "costofGoodsAndServicesSold": "724000000",
            "operatingIncome": "1261000000",
            "sellingGeneralAndAdministrative": "76000000",
            "researchAndDevelopment": "None",
            "operatingExpenses": "380000000",
            "investmentIncomeNet": "None",
            "netInterestIncome": "-125000000",
            "interestIncome": "125000000",
            "interestExpense": "125000000",
            "nonInterestIncome": "1852000000",
            "otherNonOperatingIncome": "23000000",
            "depreciation": "None",
            "depreciationAndAmortization": "349000000",
            "incomeBeforeTax": "258000000",
            "incomeTaxExpense": "143000000",
            "interestAndDebtExpense": "125000000",
            "netIncomeFromContinuingOperations": "185000000",
            "comprehensiveIncomeNetOfTax": "155000000",
            "ebit": "383000000",
            "ebitda": "732000000",
            "netIncome": "115000000"
        },
        {
            "fiscalDateEnding": "2021-06-30",
            "reportedCurrency": "USD",
            "grossProfit": "1511000000",
            "totalRevenue": "1598000000",
            "costOfRevenue": "87000000",
            "costofGoodsAndServicesSold": "744000000",
            "operatingIncome": "1045000000",
            "sellingGeneralAndAdministrative": "84000000",
            "researchAndDevelopment": "None",
            "operatingExpenses": "399000000",
            "investmentIncomeNet": "None",
            "netInterestIncome": "-118000000",
            "interestIncome": "118000000",
            "interestExpense": "118000000",
            "nonInterestIncome": "1646000000",
            "otherNonOperatingIncome": "19000000",
            "depreciation": "None",
            "depreciationAndAmortization": "385000000",
            "incomeBeforeTax": "49000000",
            "incomeTaxExpense": "122000000",
            "interestAndDebtExpense": "118000000",
            "netIncomeFromContinuingOperations": "13000000",
            "comprehensiveIncomeNetOfTax": "-133000000",
            "ebit": "167000000",
            "ebitda": "552000000",
            "netIncome": "-73000000"
        },
        {
            "fiscalDateEnding": "2021-03-31",
            "reportedCurrency": "USD",
            "grossProfit": "1820000000",
            "totalRevenue": "1919000000",
            "costOfRevenue": "99000000",
            "costofGoodsAndServicesSold": "698000000",
            "operatingIncome": "1412000000",
            "sellingGeneralAndAdministrative": "94000000",
            "researchAndDevelopment": "None",
            "operatingExpenses": "359000000",
            "investmentIncomeNet": "None",
            "netInterestIncome": "-117000000",
            "interestIncome": "117000000",
            "interestExpense": "117000000",
            "nonInterestIncome": "1947000000",
            "otherNonOperatingIncome": "21000000",
            "depreciation": "None",
            "depreciationAndAmortization": "2072412",
            "incomeBeforeTax": "375000000",
            "incomeTaxExpense": "123000000",
            "interestAndDebtExpense": "117000000",
            "netIncomeFromContinuingOperations": "336000000",
            "comprehensiveIncomeNetOfTax": "231000000",
            "ebit": "492000000",
            "ebitda": "492000000",
            "netIncome": "252000000"
        },
        {
            "fiscalDateEnding": "2020-12-31",
            "reportedCurrency": "USD",
            "grossProfit": "1284000000",
            "totalRevenue": "1417000000",
            "costOfRevenue": "133000000",
            "costofGoodsAndServicesSold": "831000000",
            "operatingIncome": "1027000000",
            "sellingGeneralAndAdministrative": "82000000",
            "researchAndDevelopment": "None",
            "operatingExpenses": "316000000",
            "investmentIncomeNet": "None",
            "netInterestIncome": "-118000000",
            "interestIncome": "118000000",
            "interestExpense": "118000000",
            "nonInterestIncome": "1262000000",
            "otherNonOperatingIncome": "17000000",
            "depreciation": "None",
            "depreciationAndAmortization": "2072412000",
            "incomeBeforeTax": "-25000000",
            "incomeTaxExpense": "72000000",
            "interestAndDebtExpense": "118000000",
            "netIncomeFromContinuingOperations": "-281000000",
            "comprehensiveIncomeNetOfTax": "-489000000",
            "ebit": "93000000",
            "ebitda": "2165412000",
            "netIncome": "-97000000"
        },
        {
            "fiscalDateEnding": "2020-09-30",
            "reportedCurrency": "USD",
            "grossProfit": "1065000000",
            "totalRevenue": "1176000000",
            "costOfRevenue": "111000000",
            "costofGoodsAndServicesSold": "0",
            "operatingIncome": "817000000",
            "sellingGeneralAndAdministrative": "84000000",
            "researchAndDevelopment": "None",
            "operatingExpenses": "392000000",
            "investmentIncomeNet": "None",
            "netInterestIncome": "-118000000",
            "interestIncome": "117000000",
            "interestExpense": "118000000",
            "nonInterestIncome": "1015000000",
            "otherNonOperatingIncome": "17000000",
            "depreciation": "None",
            "depreciationAndAmortization": "1588",
            "incomeBeforeTax": "-238000000",
            "incomeTaxExpense": "5000000",
            "interestAndDebtExpense": "118000000",
            "netIncomeFromContinuingOperations": "-183000000",
            "comprehensiveIncomeNetOfTax": "-419000000",
            "ebit": "-120000000",
            "ebitda": "-120000000",
            "netIncome": "-243000000"
        },
        {
            "fiscalDateEnding": "2020-06-30",
            "reportedCurrency": "USD",
            "grossProfit": "753000000",
            "totalRevenue": "842000000",
            "costOfRevenue": "89000000",
            "costofGoodsAndServicesSold": "0",
            "operatingIncome": "594000000",
            "sellingGeneralAndAdministrative": "89000000",
            "researchAndDevelopment": "None",
            "operatingExpenses": "375000000",
            "investmentIncomeNet": "None",
            "netInterestIncome": "-119000000",
            "interestIncome": "117000000",
            "interestExpense": "119000000",
            "nonInterestIncome": "617000000",
            "otherNonOperatingIncome": "9000000",
            "depreciation": "None",
            "depreciationAndAmortization": "None",
            "incomeBeforeTax": "-329000000",
            "incomeTaxExpense": "-9000000",
            "interestAndDebtExpense": "119000000",
            "netIncomeFromContinuingOperations": "-263000000",
            "comprehensiveIncomeNetOfTax": "-746000000",
            "ebit": "-210000000",
            "ebitda": "-210000000",
            "netIncome": "-320000000"
        },
        {
            "fiscalDateEnding": "2020-03-31",
            "reportedCurrency": "USD",
            "grossProfit": "-912000000",
            "totalRevenue": "1369000000",
            "costOfRevenue": "2281000000",
            "costofGoodsAndServicesSold": "53000000",
            "operatingIncome": "-1250000000",
            "sellingGeneralAndAdministrative": "102000000",
            "researchAndDevelopment": "None",
            "operatingExpenses": "405000000",
            "investmentIncomeNet": "None",
            "netInterestIncome": "-113000000",
            "interestIncome": "112000000",
            "interestExpense": "113000000",
            "nonInterestIncome": "1287000000",
            "otherNonOperatingIncome": "15000000",
            "depreciation": "None",
            "depreciationAndAmortization": "None",
            "incomeBeforeTax": "-2512000000",
            "incomeTaxExpense": "-79000000",
            "interestAndDebtExpense": "113000000",
            "netIncomeFromContinuingOperations": "-2433000000",
            "comprehensiveIncomeNetOfTax": "-1495000000",
            "ebit": "-2399000000",
            "ebitda": "-2399000000",
            "netIncome": "-2433000000"
        },
        {
            "fiscalDateEnding": "2019-12-31",
            "reportedCurrency": "USD",
            "grossProfit": "1521000000",
            "totalRevenue": "1699000000",
            "costOfRevenue": "178000000",
            "costofGoodsAndServicesSold": "1431000000",
            "operatingIncome": "1058000000",
            "sellingGeneralAndAdministrative": "131000000",
            "researchAndDevelopment": "None",
            "operatingExpenses": "496000000",
            "investmentIncomeNet": "None",
            "netInterestIncome": "-95000000",
            "interestIncome": "88000000",
            "interestExpense": "95000000",
            "nonInterestIncome": "1650000000",
            "otherNonOperatingIncome": "16000000",
            "depreciation": "None",
            "depreciationAndAmortization": "9000000",
            "incomeBeforeTax": "-103000000",
            "incomeTaxExpense": "119000000",
            "interestAndDebtExpense": "95000000",
            "netIncomeFromContinuingOperations": "-222000000",
            "comprehensiveIncomeNetOfTax": "-145000000",
            "ebit": "-8000000",
            "ebitda": "1000000",
            "netIncome": "-222000000"
        },
        {
            "fiscalDateEnding": "2019-09-30",
            "reportedCurrency": "USD",
            "grossProfit": "1327000000",
            "totalRevenue": "1515000000",
            "costOfRevenue": "188000000",
            "costofGoodsAndServicesSold": "1335000000",
            "operatingIncome": "918000000",
            "sellingGeneralAndAdministrative": "90000000",
            "researchAndDevelopment": "None",
            "operatingExpenses": "411000000",
            "investmentIncomeNet": "None",
            "netInterestIncome": "-90000000",
            "interestIncome": "91000000",
            "interestExpense": "90000000",
            "nonInterestIncome": "1578000000",
            "otherNonOperatingIncome": "-65000000",
            "depreciation": "None",
            "depreciationAndAmortization": "10000000",
            "incomeBeforeTax": "-96000000",
            "incomeTaxExpense": "116000000",
            "interestAndDebtExpense": "90000000",
            "netIncomeFromContinuingOperations": "-212000000",
            "comprehensiveIncomeNetOfTax": "-340000000",
            "ebit": "-6000000",
            "ebitda": "4000000",
            "netIncome": "-212000000"
        },
        {
            "fiscalDateEnding": "2019-06-30",
            "reportedCurrency": "USD",
            "grossProfit": "1608000000",
            "totalRevenue": "1697000000",
            "costOfRevenue": "89000000",
            "costofGoodsAndServicesSold": "1302000000",
            "operatingIncome": "1223000000",
            "sellingGeneralAndAdministrative": "89000000",
            "researchAndDevelopment": "None",
            "operatingExpenses": "352000000",
            "investmentIncomeNet": "None",
            "netInterestIncome": "-97000000",
            "interestIncome": "99000000",
            "interestExpense": "97000000",
            "nonInterestIncome": "1693000000",
            "otherNonOperatingIncome": "15000000",
            "depreciation": "None",
            "depreciationAndAmortization": "None",
            "incomeBeforeTax": "126000000",
            "incomeTaxExpense": "132000000",
            "interestAndDebtExpense": "97000000",
            "netIncomeFromContinuingOperations": "-6000000",
            "comprehensiveIncomeNetOfTax": "-4000000",
            "ebit": "223000000",
            "ebitda": "223000000",
            "netIncome": "-6000000"
        },
        {
            "fiscalDateEnding": "2019-03-31",
            "reportedCurrency": "USD",
            "grossProfit": "1505000000",
            "totalRevenue": "1599000000",
            "costOfRevenue": "94000000",
            "costofGoodsAndServicesSold": "1211000000",
            "operatingIncome": "1167000000",
            "sellingGeneralAndAdministrative": "87000000",
            "researchAndDevelopment": "None",
            "operatingExpenses": "353000000",
            "investmentIncomeNet": "None",
            "netInterestIncome": "-98000000",
            "interestIncome": "103000000",
            "interestExpense": "98000000",
            "nonInterestIncome": "1557000000",
            "otherNonOperatingIncome": "27000000",
            "depreciation": "None",
            "depreciationAndAmortization": "None",
            "incomeBeforeTax": "126000000",
            "incomeTaxExpense": "94000000",
            "interestAndDebtExpense": "98000000",
            "netIncomeFromContinuingOperations": "32000000",
            "comprehensiveIncomeNetOfTax": "-312000000",
            "ebit": "224000000",
            "ebitda": "224000000",
            "netIncome": "32000000"
        },
        {
            "fiscalDateEnding": "2018-12-31",
            "reportedCurrency": "USD",
            "grossProfit": "1482000000",
            "totalRevenue": "1682000000",
            "costOfRevenue": "200000000",
            "costofGoodsAndServicesSold": "1340000000",
            "operatingIncome": "1093000000",
            "sellingGeneralAndAdministrative": "91000000",
            "researchAndDevelopment": "None",
            "operatingExpenses": "383000000",
            "investmentIncomeNet": "None",
            "netInterestIncome": "-99000000",
            "interestIncome": "None",
            "interestExpense": "99000000",
            "nonInterestIncome": "1664000000",
            "otherNonOperatingIncome": "32000000",
            "depreciation": "None",
            "depreciationAndAmortization": "None",
            "incomeBeforeTax": "23000000",
            "incomeTaxExpense": "27000000",
            "interestAndDebtExpense": "99000000",
            "netIncomeFromContinuingOperations": "-4000000",
            "comprehensiveIncomeNetOfTax": "292000000",
            "ebit": "122000000",
            "ebitda": "122000000",
            "netIncome": "-4000000"
        },
        {
            "fiscalDateEnding": "2018-09-30",
            "reportedCurrency": "USD",
            "grossProfit": "1685000000",
            "totalRevenue": "1828000000",
            "costOfRevenue": "143000000",
            "costofGoodsAndServicesSold": "1293000000",
            "operatingIncome": "1228000000",
            "sellingGeneralAndAdministrative": "143000000",
            "researchAndDevelopment": "None",
            "operatingExpenses": "395000000",
            "investmentIncomeNet": "None",
            "netInterestIncome": "-99000000",
            "interestIncome": "None",
            "interestExpense": "99000000",
            "nonInterestIncome": "1855000000",
            "otherNonOperatingIncome": "21000000",
            "depreciation": "None",
            "depreciationAndAmortization": "None",
            "incomeBeforeTax": "79000000",
            "incomeTaxExpense": "121000000",
            "interestAndDebtExpense": "99000000",
            "netIncomeFromContinuingOperations": "-42000000",
            "comprehensiveIncomeNetOfTax": "-22000000",
            "ebit": "178000000",
            "ebitda": "178000000",
            "netIncome": "-42000000"
        },
        {
            "fiscalDateEnding": "2018-06-30",
            "reportedCurrency": "USD",
            "grossProfit": "1437000000",
            "totalRevenue": "1566000000",
            "costOfRevenue": "129000000",
            "costofGoodsAndServicesSold": "1224000000",
            "operatingIncome": "973000000",
            "sellingGeneralAndAdministrative": "129000000",
            "researchAndDevelopment": "None",
            "operatingExpenses": "406000000",
            "investmentIncomeNet": "None",
            "netInterestIncome": "-98000000",
            "interestIncome": "None",
            "interestExpense": "98000000",
            "nonInterestIncome": "1566000000",
            "otherNonOperatingIncome": "21000000",
            "depreciation": "None",
            "depreciationAndAmortization": "None",
            "incomeBeforeTax": "-16000000",
            "incomeTaxExpense": "114000000",
            "interestAndDebtExpense": "124000000",
            "netIncomeFromContinuingOperations": "-130000000",
            "comprehensiveIncomeNetOfTax": "-81000000",
            "ebit": "82000000",
            "ebitda": "82000000",
            "netIncome": "-130000000"
        },
        {
            "fiscalDateEnding": "2018-03-31",
            "reportedCurrency": "USD",
            "grossProfit": "866000000",
            "totalRevenue": "1390000000",
            "costOfRevenue": "524000000",
            "costofGoodsAndServicesSold": "358000000",
            "operatingIncome": "434000000",
            "sellingGeneralAndAdministrative": "110000000",
            "researchAndDevelopment": "None",
            "operatingExpenses": "391000000",
            "investmentIncomeNet": "None",
            "netInterestIncome": "-103000000",
            "interestIncome": "None",
            "interestExpense": "103000000",
            "nonInterestIncome": "1367000000",
            "otherNonOperatingIncome": "37000000",
            "depreciation": "None",
            "depreciationAndAmortization": "None",
            "incomeBeforeTax": "-33000000",
            "incomeTaxExpense": "73000000",
            "interestAndDebtExpense": "130000000",
            "netIncomeFromContinuingOperations": "-106000000",
            "comprehensiveIncomeNetOfTax": "10000000",
            "ebit": "70000000",
            "ebitda": "70000000",
            "netIncome": "-106000000"
        }
    ]
}