{
    "symbol": "HPE",
    "annualReports": [
        {
            "fiscalDateEnding": "2022-10-31",
            "reportedCurrency": "USD",
            "grossProfit": "21817000000",
            "totalRevenue": "28496000000",
            "costOfRevenue": "6679000000",
            "costofGoodsAndServicesSold": "262000000",
            "operatingIncome": "782000000",
            "sellingGeneralAndAdministrative": "4941000000",
            "researchAndDevelopment": "2045000000",
            "operatingExpenses": "8208000000",
            "investmentIncomeNet": "39000000",
            "netInterestIncome": "12000000",
            "interestIncome": "483000000",
            "interestExpense": "471000000",
            "nonInterestIncome": "None",
            "otherNonOperatingIncome": "-188000000",
            "depreciation": "2200000000",
            "depreciationAndAmortization": "298000000",
            "incomeBeforeTax": "876000000",
            "incomeTaxExpense": "8000000",
            "interestAndDebtExpense": "188000000",
            "netIncomeFromContinuingOperations": "868000000",
            "comprehensiveIncomeNetOfTax": "685000000",
            "ebit": "1347000000",
            "ebitda": "1645000000",
            "netIncome": "868000000"
        },
        {
            "fiscalDateEnding": "2021-10-31",
            "reportedCurrency": "USD",
            "grossProfit": "22081000000",
            "totalRevenue": "27784000000",
            "costOfRevenue": "5703000000",
            "costofGoodsAndServicesSold": "176000000",
            "operatingIncome": "1132000000",
            "sellingGeneralAndAdministrative": "4929000000",
            "researchAndDevelopment": "1979000000",
            "operatingExpenses": "4949000000",
            "investmentIncomeNet": "18000000",
            "netInterestIncome": "-7000000",
            "interestIncome": "494000000",
            "interestExpense": "501000000",
            "nonInterestIncome": "None",
            "otherNonOperatingIncome": "-211000000",
            "depreciation": "2200000000",
            "depreciationAndAmortization": "359000000",
            "incomeBeforeTax": "3587000000",
            "incomeTaxExpense": "160000000",
            "interestAndDebtExpense": "211000000",
            "netIncomeFromContinuingOperations": "3427000000",
            "comprehensiveIncomeNetOfTax": "4451000000",
            "ebit": "4088000000",
            "ebitda": "4447000000",
            "netIncome": "3427000000"
        },
        {
            "fiscalDateEnding": "2020-10-31",
            "reportedCurrency": "USD",
            "grossProfit": "20540000000",
            "totalRevenue": "26982000000",
            "costOfRevenue": "6442000000",
            "costofGoodsAndServicesSold": "18513000000",
            "operatingIncome": "-329000000",
            "sellingGeneralAndAdministrative": "4624000000",
            "researchAndDevelopment": "1874000000",
            "operatingExpenses": "7789000000",
            "investmentIncomeNet": "44000000",
            "netInterestIncome": "-134000000",
            "interestIncome": "469000000",
            "interestExpense": "603000000",
            "nonInterestIncome": "None",
            "otherNonOperatingIncome": "-215000000",
            "depreciation": "2200000000",
            "depreciationAndAmortization": "387000000",
            "incomeBeforeTax": "-442000000",
            "incomeTaxExpense": "-120000000",
            "interestAndDebtExpense": "215000000",
            "netIncomeFromContinuingOperations": "-322000000",
            "comprehensiveIncomeNetOfTax": "-491000000",
            "ebit": "161000000",
            "ebitda": "548000000",
            "netIncome": "-322000000"
        },
        {
            "fiscalDateEnding": "2019-10-31",
            "reportedCurrency": "USD",
            "grossProfit": "22693000000",
            "totalRevenue": "29135000000",
            "costOfRevenue": "6442000000",
            "costofGoodsAndServicesSold": "19642000000",
            "operatingIncome": "1274000000",
            "sellingGeneralAndAdministrative": "4907000000",
            "researchAndDevelopment": "1842000000",
            "operatingExpenses": "7773000000",
            "investmentIncomeNet": "64000000",
            "netInterestIncome": "-150000000",
            "interestIncome": "458000000",
            "interestExpense": "608000000",
            "nonInterestIncome": "-126000000",
            "otherNonOperatingIncome": "-177000000",
            "depreciation": "2300000000",
            "depreciationAndAmortization": "267000000",
            "incomeBeforeTax": "1553000000",
            "incomeTaxExpense": "504000000",
            "interestAndDebtExpense": "177000000",
            "netIncomeFromContinuingOperations": "1049000000",
            "comprehensiveIncomeNetOfTax": "540000000",
            "ebit": "2161000000",
            "ebitda": "2428000000",
            "netIncome": "1049000000"
        },
        {
            "fiscalDateEnding": "2018-10-31",
            "reportedCurrency": "USD",
            "grossProfit": "3760000000",
            "totalRevenue": "30852000000",
            "costOfRevenue": "27092000000",
            "costofGoodsAndServicesSold": "21621000000",
            "operatingIncome": "1737000000",
            "sellingGeneralAndAdministrative": "4921000000",
            "researchAndDevelopment": "1667000000",
            "operatingExpenses": "6997000000",
            "investmentIncomeNet": "104000000",
            "netInterestIncome": "-631000000",
            "interestIncome": "236000000",
            "interestExpense": "631000000",
            "nonInterestIncome": "295000000",
            "otherNonOperatingIncome": "-274000000",
            "depreciation": "2300000000",
            "depreciationAndAmortization": "294000000",
            "incomeBeforeTax": "164000000",
            "incomeTaxExpense": "-1744000000",
            "interestAndDebtExpense": "274000000",
            "netIncomeFromContinuingOperations": "2012000000",
            "comprehensiveIncomeNetOfTax": "1771000000",
            "ebit": "795000000",
            "ebitda": "1089000000",
            "netIncome": "1908000000"
        }
    ],
    "quarterlyReports": [
        {
            "fiscalDateEnding": "2022-10-31",
            "reportedCurrency": "USD",
            "grossProfit": "5416000000",
            "totalRevenue": "7871000000",
            "costOfRevenue": "2455000000",
            "costofGoodsAndServicesSold": "5278000000",
            "operatingIncome": "-339000000",
            "sellingGeneralAndAdministrative": "1262000000",
            "researchAndDevelopment": "515000000",
            "operatingExpenses": "2758000000",
            "investmentIncomeNet": "None",
            "netInterestIncome": "-353000000",
            "interestIncome": "26000000",
            "interestExpense": "109000000",
            "nonInterestIncome": "None",
            "otherNonOperatingIncome": "-109000000",
            "depreciation": "None",
            "depreciationAndAmortization": "78000000",
            "incomeBeforeTax": "-357000000",
            "incomeTaxExpense": "-53000000",
            "interestAndDebtExpense": "None",
            "netIncomeFromContinuingOperations": "-304000000",
            "comprehensiveIncomeNetOfTax": "-540000000",
            "ebit": "-339000000",
            "ebitda": "-261000000",
            "netIncome": "-304000000"
        },
        {
            "fiscalDateEnding": "2022-07-31",
            "reportedCurrency": "USD",
            "grossProfit": "5620000000",
            "totalRevenue": "6951000000",
            "costOfRevenue": "1331000000",
            "costofGoodsAndServicesSold": "4555000000",
            "operatingIncome": "466000000",
            "sellingGeneralAndAdministrative": "1229000000",
            "researchAndDevelopment": "509000000",
            "operatingExpenses": "1820000000",
            "investmentIncomeNet": "None",
            "netInterestIncome": "121000000",
            "interestIncome": "6000000",
            "interestExpense": "74000000",
            "nonInterestIncome": "None",
            "otherNonOperatingIncome": "-74000000",
            "depreciation": "None",
            "depreciationAndAmortization": "73000000",
            "incomeBeforeTax": "464000000",
            "incomeTaxExpense": "55000000",
            "interestAndDebtExpense": "None",
            "netIncomeFromContinuingOperations": "409000000",
            "comprehensiveIncomeNetOfTax": "356000000",
            "ebit": "466000000",
            "ebitda": "539000000",
            "netIncome": "409000000"
        },
        {
            "fiscalDateEnding": "2022-04-30",
            "reportedCurrency": "USD",
            "grossProfit": "5171000000",
            "totalRevenue": "6713000000",
            "costOfRevenue": "1542000000",
            "costofGoodsAndServicesSold": "4540000000",
            "operatingIncome": "207000000",
            "sellingGeneralAndAdministrative": "1249000000",
            "researchAndDevelopment": "517000000",
            "operatingExpenses": "1830000000",
            "investmentIncomeNet": "None",
            "netInterestIncome": "122000000",
            "interestIncome": "33000000",
            "interestExpense": "None",
            "nonInterestIncome": "None",
            "otherNonOperatingIncome": "0",
            "depreciation": "None",
            "depreciationAndAmortization": "74000000",
            "incomeBeforeTax": "276000000",
            "incomeTaxExpense": "26000000",
            "interestAndDebtExpense": "None",
            "netIncomeFromContinuingOperations": "250000000",
            "comprehensiveIncomeNetOfTax": "319000000",
            "ebit": "207000000",
            "ebitda": "281000000",
            "netIncome": "250000000"
        },
        {
            "fiscalDateEnding": "2022-01-31",
            "reportedCurrency": "USD",
            "grossProfit": "5645000000",
            "totalRevenue": "6961000000",
            "costOfRevenue": "1316000000",
            "costofGoodsAndServicesSold": "4617000000",
            "operatingIncome": "448000000",
            "sellingGeneralAndAdministrative": "1201000000",
            "researchAndDevelopment": "504000000",
            "operatingExpenses": "1785000000",
            "investmentIncomeNet": "None",
            "netInterestIncome": "122000000",
            "interestIncome": "26000000",
            "interestExpense": "5000000",
            "nonInterestIncome": "None",
            "otherNonOperatingIncome": "-5000000",
            "depreciation": "None",
            "depreciationAndAmortization": "73000000",
            "incomeBeforeTax": "493000000",
            "incomeTaxExpense": "-20000000",
            "interestAndDebtExpense": "None",
            "netIncomeFromContinuingOperations": "513000000",
            "comprehensiveIncomeNetOfTax": "550000000",
            "ebit": "448000000",
            "ebitda": "521000000",
            "netIncome": "513000000"
        },
        {
            "fiscalDateEnding": "2021-10-31",
            "reportedCurrency": "USD",
            "grossProfit": "5780000000",
            "totalRevenue": "7354000000",
            "costOfRevenue": "1574000000",
            "costofGoodsAndServicesSold": "4935000000",
            "operatingIncome": "350000000",
            "sellingGeneralAndAdministrative": "1280000000",
            "researchAndDevelopment": "502000000",
            "operatingExpenses": "-487000000",
            "investmentIncomeNet": "None",
            "netInterestIncome": "-378000000",
            "interestIncome": "35000000",
            "interestExpense": "106000000",
            "nonInterestIncome": "None",
            "otherNonOperatingIncome": "-106000000",
            "depreciation": "None",
            "depreciationAndAmortization": "83000000",
            "incomeBeforeTax": "2688000000",
            "incomeTaxExpense": "135000000",
            "interestAndDebtExpense": "None",
            "netIncomeFromContinuingOperations": "2553000000",
            "comprehensiveIncomeNetOfTax": "3269000000",
            "ebit": "350000000",
            "ebitda": "433000000",
            "netIncome": "2553000000"
        },
        {
            "fiscalDateEnding": "2021-07-31",
            "reportedCurrency": "USD",
            "grossProfit": "5489000000",
            "totalRevenue": "6897000000",
            "costOfRevenue": "1408000000",
            "costofGoodsAndServicesSold": "4515000000",
            "operatingIncome": "282000000",
            "sellingGeneralAndAdministrative": "1291000000",
            "researchAndDevelopment": "506000000",
            "operatingExpenses": "1882000000",
            "investmentIncomeNet": "None",
            "netInterestIncome": "125000000",
            "interestIncome": "29000000",
            "interestExpense": "50000000",
            "nonInterestIncome": "None",
            "otherNonOperatingIncome": "-50000000",
            "depreciation": "None",
            "depreciationAndAmortization": "82000000",
            "incomeBeforeTax": "406000000",
            "incomeTaxExpense": "14000000",
            "interestAndDebtExpense": "None",
            "netIncomeFromContinuingOperations": "392000000",
            "comprehensiveIncomeNetOfTax": "523000000",
            "ebit": "282000000",
            "ebitda": "364000000",
            "netIncome": "392000000"
        },
        {
            "fiscalDateEnding": "2021-04-30",
            "reportedCurrency": "USD",
            "grossProfit": "5367000000",
            "totalRevenue": "6700000000",
            "costOfRevenue": "1333000000",
            "costofGoodsAndServicesSold": "4413000000",
            "operatingIncome": "278000000",
            "sellingGeneralAndAdministrative": "1199000000",
            "researchAndDevelopment": "503000000",
            "operatingExpenses": "1799000000",
            "investmentIncomeNet": "None",
            "netInterestIncome": "124000000",
            "interestIncome": "7000000",
            "interestExpense": "11000000",
            "nonInterestIncome": "None",
            "otherNonOperatingIncome": "-11000000",
            "depreciation": "None",
            "depreciationAndAmortization": "84000000",
            "incomeBeforeTax": "288000000",
            "incomeTaxExpense": "29000000",
            "interestAndDebtExpense": "None",
            "netIncomeFromContinuingOperations": "259000000",
            "comprehensiveIncomeNetOfTax": "393000000",
            "ebit": "278000000",
            "ebitda": "362000000",
            "netIncome": "259000000"
        },
        {
            "fiscalDateEnding": "2021-01-31",
            "reportedCurrency": "USD",
            "grossProfit": "5486000000",
            "totalRevenue": "6833000000",
            "costOfRevenue": "1347000000",
            "costofGoodsAndServicesSold": "4545000000",
            "operatingIncome": "222000000",
            "sellingGeneralAndAdministrative": "1159000000",
            "researchAndDevelopment": "468000000",
            "operatingExpenses": "1755000000",
            "investmentIncomeNet": "None",
            "netInterestIncome": "122000000",
            "interestIncome": "18000000",
            "interestExpense": "44000000",
            "nonInterestIncome": "None",
            "otherNonOperatingIncome": "-44000000",
            "depreciation": "None",
            "depreciationAndAmortization": "110000000",
            "incomeBeforeTax": "205000000",
            "incomeTaxExpense": "-18000000",
            "interestAndDebtExpense": "None",
            "netIncomeFromContinuingOperations": "223000000",
            "comprehensiveIncomeNetOfTax": "266000000",
            "ebit": "222000000",
            "ebitda": "332000000",
            "netIncome": "223000000"
        },
        {
            "fiscalDateEnding": "2020-10-31",
            "reportedCurrency": "USD",
            "grossProfit": "2206000000",
            "totalRevenue": "7208000000",
            "costOfRevenue": "5002000000",
            "costofGoodsAndServicesSold": "5002000000",
            "operatingIncome": "145000000",
            "sellingGeneralAndAdministrative": "1166000000",
            "researchAndDevelopment": "484000000",
            "operatingExpenses": "1757000000",
            "investmentIncomeNet": "None",
            "netInterestIncome": "-477000000",
            "interestIncome": "40000000",
            "interestExpense": "215000000",
            "nonInterestIncome": "None",
            "otherNonOperatingIncome": "-57000000",
            "depreciation": "None",
            "depreciationAndAmortization": "82000000",
            "incomeBeforeTax": "125000000",
            "incomeTaxExpense": "-32000000",
            "interestAndDebtExpense": "None",
            "netIncomeFromContinuingOperations": "157000000",
            "comprehensiveIncomeNetOfTax": "-26000000",
            "ebit": "145000000",
            "ebitda": "227000000",
            "netIncome": "157000000"
        },
        {
            "fiscalDateEnding": "2020-07-31",
            "reportedCurrency": "USD",
            "grossProfit": "5536000000",
            "totalRevenue": "6816000000",
            "costOfRevenue": "1280000000",
            "costofGoodsAndServicesSold": "4749000000",
            "operatingIncome": "12000000",
            "sellingGeneralAndAdministrative": "1131000000",
            "researchAndDevelopment": "455000000",
            "operatingExpenses": "1697000000",
            "investmentIncomeNet": "None",
            "netInterestIncome": "115000000",
            "interestIncome": "44000000",
            "interestExpense": "None",
            "nonInterestIncome": "None",
            "otherNonOperatingIncome": "-71000000",
            "depreciation": "None",
            "depreciationAndAmortization": "97000000",
            "incomeBeforeTax": "-34000000",
            "incomeTaxExpense": "-43000000",
            "interestAndDebtExpense": "None",
            "netIncomeFromContinuingOperations": "9000000",
            "comprehensiveIncomeNetOfTax": "-122000000",
            "ebit": "12000000",
            "ebitda": "109000000",
            "netIncome": "9000000"
        },
        {
            "fiscalDateEnding": "2020-04-30",
            "reportedCurrency": "USD",
            "grossProfit": "3896000000",
            "totalRevenue": "6009000000",
            "costOfRevenue": "2113000000",
            "costofGoodsAndServicesSold": "4095000000",
            "operatingIncome": "-834000000",
            "sellingGeneralAndAdministrative": "1109000000",
            "researchAndDevelopment": "450000000",
            "operatingExpenses": "2528000000",
            "investmentIncomeNet": "None",
            "netInterestIncome": "115000000",
            "interestIncome": "78000000",
            "interestExpense": "None",
            "nonInterestIncome": "None",
            "otherNonOperatingIncome": "-68000000",
            "depreciation": "None",
            "depreciationAndAmortization": "86000000",
            "incomeBeforeTax": "-911000000",
            "incomeTaxExpense": "-90000000",
            "interestAndDebtExpense": "None",
            "netIncomeFromContinuingOperations": "-821000000",
            "comprehensiveIncomeNetOfTax": "-746000000",
            "ebit": "-834000000",
            "ebitda": "-748000000",
            "netIncome": "-821000000"
        },
        {
            "fiscalDateEnding": "2020-01-31",
            "reportedCurrency": "USD",
            "grossProfit": "5546000000",
            "totalRevenue": "6949000000",
            "costOfRevenue": "1403000000",
            "costofGoodsAndServicesSold": "4667000000",
            "operatingIncome": "348000000",
            "sellingGeneralAndAdministrative": "1218000000",
            "researchAndDevelopment": "485000000",
            "operatingExpenses": "1807000000",
            "investmentIncomeNet": "None",
            "netInterestIncome": "113000000",
            "interestIncome": "14000000",
            "interestExpense": "5000000",
            "nonInterestIncome": "None",
            "otherNonOperatingIncome": "-19000000",
            "depreciation": "None",
            "depreciationAndAmortization": "122000000",
            "incomeBeforeTax": "378000000",
            "incomeTaxExpense": "45000000",
            "interestAndDebtExpense": "None",
            "netIncomeFromContinuingOperations": "333000000",
            "comprehensiveIncomeNetOfTax": "403000000",
            "ebit": "348000000",
            "ebitda": "470000000",
            "netIncome": "333000000"
        },
        {
            "fiscalDateEnding": "2019-10-31",
            "reportedCurrency": "USD",
            "grossProfit": "2393000000",
            "totalRevenue": "7215000000",
            "costOfRevenue": "4822000000",
            "costofGoodsAndServicesSold": "4822000000",
            "operatingIncome": "460000000",
            "sellingGeneralAndAdministrative": "1229000000",
            "researchAndDevelopment": "438000000",
            "operatingExpenses": "1782000000",
            "investmentIncomeNet": "None",
            "netInterestIncome": "-38000000",
            "interestIncome": "39000000",
            "interestExpense": "144000000",
            "nonInterestIncome": "-63000000",
            "otherNonOperatingIncome": "-38000000",
            "depreciation": "None",
            "depreciationAndAmortization": "68000000",
            "incomeBeforeTax": "723000000",
            "incomeTaxExpense": "243000000",
            "interestAndDebtExpense": "None",
            "netIncomeFromContinuingOperations": "480000000",
            "comprehensiveIncomeNetOfTax": "-97000000",
            "ebit": "460000000",
            "ebitda": "528000000",
            "netIncome": "480000000"
        },
        {
            "fiscalDateEnding": "2019-07-31",
            "reportedCurrency": "USD",
            "grossProfit": "5281000000",
            "totalRevenue": "7217000000",
            "costOfRevenue": "1936000000",
            "costofGoodsAndServicesSold": "4768000000",
            "operatingIncome": "-76000000",
            "sellingGeneralAndAdministrative": "1253000000",
            "researchAndDevelopment": "481000000",
            "operatingExpenses": "2355000000",
            "investmentIncomeNet": "None",
            "netInterestIncome": "-70000000",
            "interestIncome": "67000000",
            "interestExpense": "139000000",
            "nonInterestIncome": "53000000",
            "otherNonOperatingIncome": "-70000000",
            "depreciation": "None",
            "depreciationAndAmortization": "58000000",
            "incomeBeforeTax": "-265000000",
            "incomeTaxExpense": "-238000000",
            "interestAndDebtExpense": "None",
            "netIncomeFromContinuingOperations": "-27000000",
            "comprehensiveIncomeNetOfTax": "3000000",
            "ebit": "-76000000",
            "ebitda": "-18000000",
            "netIncome": "-27000000"
        },
        {
            "fiscalDateEnding": "2019-04-30",
            "reportedCurrency": "USD",
            "grossProfit": "5725000000",
            "totalRevenue": "7150000000",
            "costOfRevenue": "1425000000",
            "costofGoodsAndServicesSold": "4845000000",
            "operatingIncome": "434000000",
            "sellingGeneralAndAdministrative": "1214000000",
            "researchAndDevelopment": "457000000",
            "operatingExpenses": "1824000000",
            "investmentIncomeNet": "None",
            "netInterestIncome": "-18000000",
            "interestIncome": "15000000",
            "interestExpense": "145000000",
            "nonInterestIncome": "105000000",
            "otherNonOperatingIncome": "-18000000",
            "depreciation": "None",
            "depreciationAndAmortization": "69000000",
            "incomeBeforeTax": "440000000",
            "incomeTaxExpense": "21000000",
            "interestAndDebtExpense": "None",
            "netIncomeFromContinuingOperations": "419000000",
            "comprehensiveIncomeNetOfTax": "533000000",
            "ebit": "434000000",
            "ebitda": "503000000",
            "netIncome": "419000000"
        },
        {
            "fiscalDateEnding": "2019-01-31",
            "reportedCurrency": "USD",
            "grossProfit": "6142000000",
            "totalRevenue": "7553000000",
            "costOfRevenue": "1411000000",
            "costofGoodsAndServicesSold": "5207000000",
            "operatingIncome": "456000000",
            "sellingGeneralAndAdministrative": "1211000000",
            "researchAndDevelopment": "466000000",
            "operatingExpenses": "1812000000",
            "investmentIncomeNet": "None",
            "netInterestIncome": "None",
            "interestIncome": "None",
            "interestExpense": "73000000",
            "nonInterestIncome": "-221000000",
            "otherNonOperatingIncome": "-51000000",
            "depreciation": "None",
            "depreciationAndAmortization": "72000000",
            "incomeBeforeTax": "655000000",
            "incomeTaxExpense": "478000000",
            "interestAndDebtExpense": "None",
            "netIncomeFromContinuingOperations": "177000000",
            "comprehensiveIncomeNetOfTax": "101000000",
            "ebit": "456000000",
            "ebitda": "528000000",
            "netIncome": "177000000"
        },
        {
            "fiscalDateEnding": "2018-10-31",
            "reportedCurrency": "USD",
            "grossProfit": "1061000000",
            "totalRevenue": "7946000000",
            "costOfRevenue": "6885000000",
            "costofGoodsAndServicesSold": "5507000000",
            "operatingIncome": "653000000",
            "sellingGeneralAndAdministrative": "1219000000",
            "researchAndDevelopment": "439000000",
            "operatingExpenses": "1835000000",
            "investmentIncomeNet": "None",
            "netInterestIncome": "None",
            "interestIncome": "None",
            "interestExpense": "82000000",
            "nonInterestIncome": "191000000",
            "otherNonOperatingIncome": "-96000000",
            "depreciation": "None",
            "depreciationAndAmortization": "72000000",
            "incomeBeforeTax": "591000000",
            "incomeTaxExpense": "1348000000",
            "interestAndDebtExpense": "None",
            "netIncomeFromContinuingOperations": "-772000000",
            "comprehensiveIncomeNetOfTax": "-1069000000",
            "ebit": "653000000",
            "ebitda": "725000000",
            "netIncome": "-757000000"
        },
        {
            "fiscalDateEnding": "2018-07-31",
            "reportedCurrency": "USD",
            "grossProfit": "1079000000",
            "totalRevenue": "7764000000",
            "costOfRevenue": "6685000000",
            "costofGoodsAndServicesSold": "5399000000",
            "operatingIncome": "490000000",
            "sellingGeneralAndAdministrative": "1221000000",
            "researchAndDevelopment": "435000000",
            "operatingExpenses": "1735000000",
            "investmentIncomeNet": "None",
            "netInterestIncome": "None",
            "interestIncome": "None",
            "interestExpense": "311000000",
            "nonInterestIncome": "233000000",
            "otherNonOperatingIncome": "-53000000",
            "depreciation": "None",
            "depreciationAndAmortization": "72000000",
            "incomeBeforeTax": "464000000",
            "incomeTaxExpense": "13000000",
            "interestAndDebtExpense": "None",
            "netIncomeFromContinuingOperations": "452000000",
            "comprehensiveIncomeNetOfTax": "527000000",
            "ebit": "490000000",
            "ebitda": "562000000",
            "netIncome": "451000000"
        },
        {
            "fiscalDateEnding": "2018-04-30",
            "reportedCurrency": "USD",
            "grossProfit": "948000000",
            "totalRevenue": "7468000000",
            "costOfRevenue": "6520000000",
            "costofGoodsAndServicesSold": "5210000000",
            "operatingIncome": "366000000",
            "sellingGeneralAndAdministrative": "1245000000",
            "researchAndDevelopment": "403000000",
            "operatingExpenses": "1726000000",
            "investmentIncomeNet": "None",
            "netInterestIncome": "None",
            "interestIncome": "None",
            "interestExpense": "312000000",
            "nonInterestIncome": "260000000",
            "otherNonOperatingIncome": "-88000000",
            "depreciation": "None",
            "depreciationAndAmortization": "72000000",
            "incomeBeforeTax": "-188000000",
            "incomeTaxExpense": "-966000000",
            "interestAndDebtExpense": "None",
            "netIncomeFromContinuingOperations": "850000000",
            "comprehensiveIncomeNetOfTax": "937000000",
            "ebit": "366000000",
            "ebitda": "438000000",
            "netIncome": "778000000"
        },
        {
            "fiscalDateEnding": "2018-01-31",
            "reportedCurrency": "USD",
            "grossProfit": "870000000",
            "totalRevenue": "7674000000",
            "costOfRevenue": "6804000000",
            "costofGoodsAndServicesSold": "5505000000",
            "operatingIncome": "228000000",
            "sellingGeneralAndAdministrative": "1218000000",
            "researchAndDevelopment": "389000000",
            "operatingExpenses": "1701000000",
            "investmentIncomeNet": "None",
            "netInterestIncome": "None",
            "interestIncome": "None",
            "interestExpense": "312000000",
            "nonInterestIncome": "-389000000",
            "otherNonOperatingIncome": "1000000",
            "depreciation": "None",
            "depreciationAndAmortization": "78000000",
            "incomeBeforeTax": "-703000000",
            "incomeTaxExpense": "-2139000000",
            "interestAndDebtExpense": "None",
            "netIncomeFromContinuingOperations": "1482000000",
            "comprehensiveIncomeNetOfTax": "1376000000",
            "ebit": "228000000",
            "ebitda": "306000000",
            "netIncome": "1436000000"
        }
    ]
}