{
    "symbol": "HSIC",
    "annualReports": [
        {
            "fiscalDateEnding": "2022-12-31",
            "reportedCurrency": "USD",
            "grossProfit": "3831000000",
            "totalRevenue": "12603000000",
            "costOfRevenue": "11954000000",
            "costofGoodsAndServicesSold": "8816000000",
            "operatingIncome": "747000000",
            "sellingGeneralAndAdministrative": "2771000000",
            "researchAndDevelopment": "None",
            "operatingExpenses": "3143000000",
            "investmentIncomeNet": "17000000",
            "netInterestIncome": "-44000000",
            "interestIncome": "17000000",
            "interestExpense": "44000000",
            "nonInterestIncome": "12647000000",
            "otherNonOperatingIncome": "1000000",
            "depreciation": "68000000",
            "depreciationAndAmortization": "182000000",
            "incomeBeforeTax": "708000000",
            "incomeTaxExpense": "170000000",
            "interestAndDebtExpense": "44000000",
            "netIncomeFromContinuingOperations": "538000000",
            "comprehensiveIncomeNetOfTax": "476000000",
            "ebit": "752000000",
            "ebitda": "934000000",
            "netIncome": "538000000"
        },
        {
            "fiscalDateEnding": "2021-12-31",
            "reportedCurrency": "USD",
            "grossProfit": "3674000000",
            "totalRevenue": "12383178000",
            "costOfRevenue": "11691347000",
            "costofGoodsAndServicesSold": "8727000000",
            "operatingIncome": "852000000",
            "sellingGeneralAndAdministrative": "2634000000",
            "researchAndDevelopment": "None",
            "operatingExpenses": "2954829000",
            "investmentIncomeNet": "6451000",
            "netInterestIncome": "-27600000",
            "interestIncome": "400000",
            "interestExpense": "28000000",
            "nonInterestIncome": "12410778000",
            "otherNonOperatingIncome": "0",
            "depreciation": "71000000",
            "depreciationAndAmortization": "180000000",
            "incomeBeforeTax": "829000000",
            "incomeTaxExpense": "198000000",
            "interestAndDebtExpense": "27600000",
            "netIncomeFromContinuingOperations": "631000000",
            "comprehensiveIncomeNetOfTax": "568000000",
            "ebit": "857000000",
            "ebitda": "1037000000",
            "netIncome": "631000000"
        },
        {
            "fiscalDateEnding": "2020-12-31",
            "reportedCurrency": "USD",
            "grossProfit": "2816000000",
            "totalRevenue": "10079860000",
            "costOfRevenue": "9707247000",
            "costofGoodsAndServicesSold": "7303000000",
            "operatingIncome": "535000000",
            "sellingGeneralAndAdministrative": "2086000000",
            "researchAndDevelopment": "None",
            "operatingExpenses": "2437586000",
            "investmentIncomeNet": "9842000",
            "netInterestIncome": "-41377000",
            "interestIncome": "-377000",
            "interestExpense": "41000000",
            "nonInterestIncome": "10121237000",
            "otherNonOperatingIncome": "-4000000",
            "depreciation": "64000000",
            "depreciationAndAmortization": "163000000",
            "incomeBeforeTax": "499000000",
            "incomeTaxExpense": "95000000",
            "interestAndDebtExpense": "41377000",
            "netIncomeFromContinuingOperations": "403000000",
            "comprehensiveIncomeNetOfTax": "463000000",
            "ebit": "540000000",
            "ebitda": "703000000",
            "netIncome": "404000000"
        },
        {
            "fiscalDateEnding": "2019-12-31",
            "reportedCurrency": "USD",
            "grossProfit": "3090886000",
            "totalRevenue": "10185178000",
            "costOfRevenue": "9389296000",
            "costofGoodsAndServicesSold": "6894917000",
            "operatingIncome": "718261000",
            "sellingGeneralAndAdministrative": "2357920000",
            "researchAndDevelopment": "None",
            "operatingExpenses": "2506991000",
            "investmentIncomeNet": "15757000",
            "netInterestIncome": "-50792000",
            "interestIncome": "15757000",
            "interestExpense": "50792000",
            "nonInterestIncome": "10235970000",
            "otherNonOperatingIncome": "-2919000",
            "depreciation": "64400000",
            "depreciationAndAmortization": "121754000",
            "incomeBeforeTax": "854249000",
            "incomeTaxExpense": "159515000",
            "interestAndDebtExpense": "50792000",
            "netIncomeFromContinuingOperations": "700691000",
            "comprehensiveIncomeNetOfTax": "682724000",
            "ebit": "905041000",
            "ebitda": "1026795000",
            "netIncome": "694734000"
        },
        {
            "fiscalDateEnding": "2018-12-31",
            "reportedCurrency": "USD",
            "grossProfit": "2910747000",
            "totalRevenue": "13201995000",
            "costOfRevenue": "10291248000",
            "costofGoodsAndServicesSold": "6506856000",
            "operatingIncome": "600619000",
            "sellingGeneralAndAdministrative": "2217273000",
            "researchAndDevelopment": "None",
            "operatingExpenses": "2701876000",
            "investmentIncomeNet": "21236000",
            "netInterestIncome": "-78786000",
            "interestIncome": "-2770000",
            "interestExpense": "76016000",
            "nonInterestIncome": "13201995000",
            "otherNonOperatingIncome": "-3258000",
            "depreciation": "58100000",
            "depreciationAndAmortization": "134000000",
            "incomeBeforeTax": "643313000",
            "incomeTaxExpense": "107432000",
            "interestAndDebtExpense": "78786000",
            "netIncomeFromContinuingOperations": "430717000",
            "comprehensiveIncomeNetOfTax": "417177000",
            "ebit": "719329000",
            "ebitda": "853329000",
            "netIncome": "535881000"
        }
    ],
    "quarterlyReports": [
        {
            "fiscalDateEnding": "2022-12-31",
            "reportedCurrency": "USD",
            "grossProfit": "999000000",
            "totalRevenue": "3354000000",
            "costOfRevenue": "128000000",
            "costofGoodsAndServicesSold": "2372000000",
            "operatingIncome": "72000000",
            "sellingGeneralAndAdministrative": "761000000",
            "researchAndDevelopment": "None",
            "operatingExpenses": "128000000",
            "investmentIncomeNet": "8000000",
            "netInterestIncome": "-17000000",
            "interestIncome": "8000000",
            "interestExpense": "17000000",
            "nonInterestIncome": "3371000000",
            "otherNonOperatingIncome": "0",
            "depreciation": "None",
            "depreciationAndAmortization": "45000000",
            "incomeBeforeTax": "62000000",
            "incomeTaxExpense": "15000000",
            "interestAndDebtExpense": "17000000",
            "netIncomeFromContinuingOperations": "23000000",
            "comprehensiveIncomeNetOfTax": "126000000",
            "ebit": "79000000",
            "ebitda": "124000000",
            "netIncome": "47000000"
        },
        {
            "fiscalDateEnding": "2022-09-30",
            "reportedCurrency": "USD",
            "grossProfit": "914000000",
            "totalRevenue": "3056000000",
            "costOfRevenue": "2855000000",
            "costofGoodsAndServicesSold": "2153000000",
            "operatingIncome": "211000000",
            "sellingGeneralAndAdministrative": "648000000",
            "researchAndDevelopment": "None",
            "operatingExpenses": "702000000",
            "investmentIncomeNet": "4000000",
            "netInterestIncome": "-11000000",
            "interestIncome": "4000000",
            "interestExpense": "11000000",
            "nonInterestIncome": "3067000000",
            "otherNonOperatingIncome": "1000000",
            "depreciation": "None",
            "depreciationAndAmortization": "45000000",
            "incomeBeforeTax": "196000000",
            "incomeTaxExpense": "46000000",
            "interestAndDebtExpense": "11000000",
            "netIncomeFromContinuingOperations": "162000000",
            "comprehensiveIncomeNetOfTax": "79000000",
            "ebit": "207000000",
            "ebitda": "252000000",
            "netIncome": "150000000"
        },
        {
            "fiscalDateEnding": "2022-06-30",
            "reportedCurrency": "USD",
            "grossProfit": "945000000",
            "totalRevenue": "3021000000",
            "costOfRevenue": "2810000000",
            "costofGoodsAndServicesSold": "2085000000",
            "operatingIncome": "220000000",
            "sellingGeneralAndAdministrative": "680000000",
            "researchAndDevelopment": "None",
            "operatingExpenses": "725000000",
            "investmentIncomeNet": "3000000",
            "netInterestIncome": "-9000000",
            "interestIncome": "3000000",
            "interestExpense": "9000000",
            "nonInterestIncome": "3030000000",
            "otherNonOperatingIncome": "0",
            "depreciation": "None",
            "depreciationAndAmortization": "45000000",
            "incomeBeforeTax": "212000000",
            "incomeTaxExpense": "52000000",
            "interestAndDebtExpense": "9000000",
            "netIncomeFromContinuingOperations": "167000000",
            "comprehensiveIncomeNetOfTax": "87000000",
            "ebit": "221000000",
            "ebitda": "266000000",
            "netIncome": "160000000"
        },
        {
            "fiscalDateEnding": "2022-03-31",
            "reportedCurrency": "USD",
            "grossProfit": "973000000",
            "totalRevenue": "3172000000",
            "costOfRevenue": "2935000000",
            "costofGoodsAndServicesSold": "2206000000",
            "operatingIncome": "244000000",
            "sellingGeneralAndAdministrative": "682000000",
            "researchAndDevelopment": "None",
            "operatingExpenses": "730000000",
            "investmentIncomeNet": "2000000",
            "netInterestIncome": "-7000000",
            "interestIncome": "2000000",
            "interestExpense": "7000000",
            "nonInterestIncome": "3179000000",
            "otherNonOperatingIncome": "6000000",
            "depreciation": "None",
            "depreciationAndAmortization": "47000000",
            "incomeBeforeTax": "238000000",
            "incomeTaxExpense": "57000000",
            "interestAndDebtExpense": "7000000",
            "netIncomeFromContinuingOperations": "186000000",
            "comprehensiveIncomeNetOfTax": "184000000",
            "ebit": "245000000",
            "ebitda": "292000000",
            "netIncome": "181000000"
        },
        {
            "fiscalDateEnding": "2021-12-31",
            "reportedCurrency": "USD",
            "grossProfit": "980000000",
            "totalRevenue": "3324772000",
            "costOfRevenue": "3270250000",
            "costofGoodsAndServicesSold": "2351000000",
            "operatingIncome": "201000000",
            "sellingGeneralAndAdministrative": "728000000",
            "researchAndDevelopment": "None",
            "operatingExpenses": "920279000",
            "investmentIncomeNet": "1702000",
            "netInterestIncome": "-8189000",
            "interestIncome": "-189000",
            "interestExpense": "8000000",
            "nonInterestIncome": "3332961000",
            "otherNonOperatingIncome": "-1000000",
            "depreciation": "None",
            "depreciationAndAmortization": "47000000",
            "incomeBeforeTax": "191000000",
            "incomeTaxExpense": "44000000",
            "interestAndDebtExpense": "8189000",
            "netIncomeFromContinuingOperations": "147001000",
            "comprehensiveIncomeNetOfTax": "114000000",
            "ebit": "199000000",
            "ebitda": "246000000",
            "netIncome": "147000000"
        },
        {
            "fiscalDateEnding": "2021-09-30",
            "reportedCurrency": "USD",
            "grossProfit": "912000000",
            "totalRevenue": "3179083000",
            "costOfRevenue": "2968067000",
            "costofGoodsAndServicesSold": "2266000000",
            "operatingIncome": "211000000",
            "sellingGeneralAndAdministrative": "657000000",
            "researchAndDevelopment": "None",
            "operatingExpenses": "701897000",
            "investmentIncomeNet": "1409000",
            "netInterestIncome": "-6550000",
            "interestIncome": "450000",
            "interestExpense": "7000000",
            "nonInterestIncome": "3185633000",
            "otherNonOperatingIncome": "0",
            "depreciation": "None",
            "depreciationAndAmortization": "44000000",
            "incomeBeforeTax": "212000000",
            "incomeTaxExpense": "50000000",
            "interestAndDebtExpense": "6550000",
            "netIncomeFromContinuingOperations": "162286000",
            "comprehensiveIncomeNetOfTax": "131000000",
            "ebit": "219000000",
            "ebitda": "263000000",
            "netIncome": "162000000"
        },
        {
            "fiscalDateEnding": "2021-06-30",
            "reportedCurrency": "USD",
            "grossProfit": "891000000",
            "totalRevenue": "2960847000",
            "costOfRevenue": "2757393000",
            "costofGoodsAndServicesSold": "2076000000",
            "operatingIncome": "210000000",
            "sellingGeneralAndAdministrative": "635000000",
            "researchAndDevelopment": "None",
            "operatingExpenses": "679921000",
            "investmentIncomeNet": "1357000",
            "netInterestIncome": "-6376000",
            "interestIncome": "624000",
            "interestExpense": "7000000",
            "nonInterestIncome": "2967223000",
            "otherNonOperatingIncome": "1000000",
            "depreciation": "None",
            "depreciationAndAmortization": "45000000",
            "incomeBeforeTax": "203000000",
            "incomeTaxExpense": "47000000",
            "interestAndDebtExpense": "6376000",
            "netIncomeFromContinuingOperations": "155716000",
            "comprehensiveIncomeNetOfTax": "185000000",
            "ebit": "210000000",
            "ebitda": "255000000",
            "netIncome": "156000000"
        },
        {
            "fiscalDateEnding": "2021-03-31",
            "reportedCurrency": "USD",
            "grossProfit": "891000000",
            "totalRevenue": "2918476000",
            "costOfRevenue": "2695637000",
            "costofGoodsAndServicesSold": "2034000000",
            "operatingIncome": "230000000",
            "sellingGeneralAndAdministrative": "614000000",
            "researchAndDevelopment": "None",
            "operatingExpenses": "658831000",
            "investmentIncomeNet": "1983000",
            "netInterestIncome": "-6485000",
            "interestIncome": "-485000",
            "interestExpense": "6000000",
            "nonInterestIncome": "2924961000",
            "otherNonOperatingIncome": "309000",
            "depreciation": "None",
            "depreciationAndAmortization": "44000000",
            "incomeBeforeTax": "223000000",
            "incomeTaxExpense": "57000000",
            "interestAndDebtExpense": "6485000",
            "netIncomeFromContinuingOperations": "165997000",
            "comprehensiveIncomeNetOfTax": "138000000",
            "ebit": "229000000",
            "ebitda": "273000000",
            "netIncome": "166000000"
        },
        {
            "fiscalDateEnding": "2020-12-31",
            "reportedCurrency": "USD",
            "grossProfit": "859711000",
            "totalRevenue": "3167297000",
            "costOfRevenue": "4380000",
            "costofGoodsAndServicesSold": "2304132000",
            "operatingIncome": "181200000",
            "sellingGeneralAndAdministrative": "513268000",
            "researchAndDevelopment": "None",
            "operatingExpenses": "4380000",
            "investmentIncomeNet": "2361000",
            "netInterestIncome": "-11968000",
            "interestIncome": "-377000",
            "interestExpense": "11591000",
            "nonInterestIncome": "3167297000",
            "otherNonOperatingIncome": "-1790000",
            "depreciation": "None",
            "depreciationAndAmortization": "161852000",
            "incomeBeforeTax": "171874000",
            "incomeTaxExpense": "29035000",
            "interestAndDebtExpense": "11968000",
            "netIncomeFromContinuingOperations": "141921000",
            "comprehensiveIncomeNetOfTax": "205798000",
            "ebit": "183465000",
            "ebitda": "345317000",
            "netIncome": "142839000"
        },
        {
            "fiscalDateEnding": "2020-09-30",
            "reportedCurrency": "USD",
            "grossProfit": "754268000",
            "totalRevenue": "2829035000",
            "costOfRevenue": "2652909000",
            "costofGoodsAndServicesSold": "2085878000",
            "operatingIncome": "187671000",
            "sellingGeneralAndAdministrative": "559605000",
            "researchAndDevelopment": "None",
            "operatingExpenses": "567062000",
            "investmentIncomeNet": "2294000",
            "netInterestIncome": "-11111000",
            "interestIncome": "2294000",
            "interestExpense": "11111000",
            "nonInterestIncome": "2840146000",
            "otherNonOperatingIncome": "-1699000",
            "depreciation": "None",
            "depreciationAndAmortization": "434000",
            "incomeBeforeTax": "170702000",
            "incomeTaxExpense": "29005000",
            "interestAndDebtExpense": "11111000",
            "netIncomeFromContinuingOperations": "141726000",
            "comprehensiveIncomeNetOfTax": "169616000",
            "ebit": "181813000",
            "ebitda": "182247000",
            "netIncome": "141697000"
        },
        {
            "fiscalDateEnding": "2020-06-30",
            "reportedCurrency": "USD",
            "grossProfit": "454266000",
            "totalRevenue": "1673913000",
            "costOfRevenue": "1692114000",
            "costofGoodsAndServicesSold": "1230133000",
            "operatingIncome": "-7433000",
            "sellingGeneralAndAdministrative": "445765000",
            "researchAndDevelopment": "None",
            "operatingExpenses": "462009000",
            "investmentIncomeNet": "1997000",
            "netInterestIncome": "-10486000",
            "interestIncome": "1997000",
            "interestExpense": "10486000",
            "nonInterestIncome": "1684399000",
            "otherNonOperatingIncome": "-291000",
            "depreciation": "None",
            "depreciationAndAmortization": "282000",
            "incomeBeforeTax": "-11747000",
            "incomeTaxExpense": "-950000",
            "interestAndDebtExpense": "10486000",
            "netIncomeFromContinuingOperations": "-11382000",
            "comprehensiveIncomeNetOfTax": "17600000",
            "ebit": "-1261000",
            "ebitda": "-979000",
            "netIncome": "-10797000"
        },
        {
            "fiscalDateEnding": "2020-03-31",
            "reportedCurrency": "USD",
            "grossProfit": "746014000",
            "totalRevenue": "2421059000",
            "costOfRevenue": "2255438000",
            "costofGoodsAndServicesSold": "1682857000",
            "operatingIncome": "173865000",
            "sellingGeneralAndAdministrative": "567362000",
            "researchAndDevelopment": "None",
            "operatingExpenses": "587149000",
            "investmentIncomeNet": "3190000",
            "netInterestIncome": "-7812000",
            "interestIncome": "3190000",
            "interestExpense": "7812000",
            "nonInterestIncome": "2428871000",
            "otherNonOperatingIncome": "-220000",
            "depreciation": "None",
            "depreciationAndAmortization": "432000",
            "incomeBeforeTax": "168171000",
            "incomeTaxExpense": "37910000",
            "interestAndDebtExpense": "7812000",
            "netIncomeFromContinuingOperations": "130543000",
            "comprehensiveIncomeNetOfTax": "69986000",
            "ebit": "175983000",
            "ebitda": "176415000",
            "netIncome": "130261000"
        },
        {
            "fiscalDateEnding": "2019-12-31",
            "reportedCurrency": "USD",
            "grossProfit": "810598000",
            "totalRevenue": "2855710000",
            "costOfRevenue": "-1059000",
            "costofGoodsAndServicesSold": "1858343000",
            "operatingIncome": "196334000",
            "sellingGeneralAndAdministrative": "615323000",
            "researchAndDevelopment": "None",
            "operatingExpenses": "-1059000",
            "investmentIncomeNet": "3389000",
            "netInterestIncome": "-9333000",
            "interestIncome": "3389000",
            "interestExpense": "9333000",
            "nonInterestIncome": "2855710000",
            "otherNonOperatingIncome": "-907000",
            "depreciation": "None",
            "depreciationAndAmortization": "-676246000",
            "incomeBeforeTax": "372798000",
            "incomeTaxExpense": "42189000",
            "interestAndDebtExpense": "9333000",
            "netIncomeFromContinuingOperations": "330609000",
            "comprehensiveIncomeNetOfTax": "357915000",
            "ebit": "382131000",
            "ebitda": "-294115000",
            "netIncome": "330609000"
        },
        {
            "fiscalDateEnding": "2019-09-30",
            "reportedCurrency": "USD",
            "grossProfit": "761167000",
            "totalRevenue": "2496394000",
            "costOfRevenue": "2611569000",
            "costofGoodsAndServicesSold": "1747600000",
            "operatingIncome": "187198000",
            "sellingGeneralAndAdministrative": "574771000",
            "researchAndDevelopment": "None",
            "operatingExpenses": "863969000",
            "investmentIncomeNet": "3943000",
            "netInterestIncome": "-12373000",
            "interestIncome": "3943000",
            "interestExpense": "12373000",
            "nonInterestIncome": "2508767000",
            "otherNonOperatingIncome": "-177000",
            "depreciation": "None",
            "depreciationAndAmortization": "290000000",
            "incomeBeforeTax": "182521000",
            "incomeTaxExpense": "41964000",
            "interestAndDebtExpense": "12373000",
            "netIncomeFromContinuingOperations": "134916000",
            "comprehensiveIncomeNetOfTax": "85075000",
            "ebit": "194894000",
            "ebitda": "484894000",
            "netIncome": "140557000"
        },
        {
            "fiscalDateEnding": "2019-06-30",
            "reportedCurrency": "USD",
            "grossProfit": "767431000",
            "totalRevenue": "2435042000",
            "costOfRevenue": "2285539000",
            "costofGoodsAndServicesSold": "1680396000",
            "operatingIncome": "162288000",
            "sellingGeneralAndAdministrative": "593218000",
            "researchAndDevelopment": "None",
            "operatingExpenses": "605143000",
            "investmentIncomeNet": "3654000",
            "netInterestIncome": "-12785000",
            "interestIncome": "3654000",
            "interestExpense": "12785000",
            "nonInterestIncome": "2447827000",
            "otherNonOperatingIncome": "-1416000",
            "depreciation": "None",
            "depreciationAndAmortization": "260000",
            "incomeBeforeTax": "150412000",
            "incomeTaxExpense": "35880000",
            "interestAndDebtExpense": "12785000",
            "netIncomeFromContinuingOperations": "116753000",
            "comprehensiveIncomeNetOfTax": "124466000",
            "ebit": "163197000",
            "ebitda": "163457000",
            "netIncome": "114532000"
        },
        {
            "fiscalDateEnding": "2019-03-31",
            "reportedCurrency": "USD",
            "grossProfit": "751690000",
            "totalRevenue": "2343967000",
            "costOfRevenue": "2187827000",
            "costofGoodsAndServicesSold": "1608578000",
            "operatingIncome": "172441000",
            "sellingGeneralAndAdministrative": "574608000",
            "researchAndDevelopment": "None",
            "operatingExpenses": "581033000",
            "investmentIncomeNet": "4771000",
            "netInterestIncome": "-16301000",
            "interestIncome": "4771000",
            "interestExpense": "16301000",
            "nonInterestIncome": "2360268000",
            "otherNonOperatingIncome": "-419000",
            "depreciation": "None",
            "depreciationAndAmortization": "248000",
            "incomeBeforeTax": "149265000",
            "incomeTaxExpense": "39482000",
            "interestAndDebtExpense": "16301000",
            "netIncomeFromContinuingOperations": "118413000",
            "comprehensiveIncomeNetOfTax": "115268000",
            "ebit": "165566000",
            "ebitda": "165814000",
            "netIncome": "109783000"
        },
        {
            "fiscalDateEnding": "2018-12-31",
            "reportedCurrency": "USD",
            "grossProfit": "750931000",
            "totalRevenue": "3375202000",
            "costOfRevenue": "2624271000",
            "costofGoodsAndServicesSold": "1721625000",
            "operatingIncome": "158002000",
            "sellingGeneralAndAdministrative": "558285000",
            "researchAndDevelopment": "None",
            "operatingExpenses": "590069000",
            "investmentIncomeNet": "5807000",
            "netInterestIncome": "-22320000",
            "interestIncome": "-873000",
            "interestExpense": "21447000",
            "nonInterestIncome": "2472556000",
            "otherNonOperatingIncome": "-1485000",
            "depreciation": "None",
            "depreciationAndAmortization": "52471000",
            "incomeBeforeTax": "138555000",
            "incomeTaxExpense": "20778000",
            "interestAndDebtExpense": "22320000",
            "netIncomeFromContinuingOperations": "117777000",
            "comprehensiveIncomeNetOfTax": "103851000",
            "ebit": "160002000",
            "ebitda": "239172000",
            "netIncome": "117777000"
        },
        {
            "fiscalDateEnding": "2018-09-30",
            "reportedCurrency": "USD",
            "grossProfit": "722359000",
            "totalRevenue": "3279678000",
            "costOfRevenue": "2557319000",
            "costofGoodsAndServicesSold": "1633206000",
            "operatingIncome": "123269000",
            "sellingGeneralAndAdministrative": "552051000",
            "researchAndDevelopment": "None",
            "operatingExpenses": "722634000",
            "investmentIncomeNet": "5163000",
            "netInterestIncome": "-21045000",
            "interestIncome": "-615000",
            "interestExpense": "20430000",
            "nonInterestIncome": "3279678000",
            "otherNonOperatingIncome": "-586000",
            "depreciation": "None",
            "depreciationAndAmortization": "51511000",
            "incomeBeforeTax": "107403000",
            "incomeTaxExpense": "16633000",
            "interestAndDebtExpense": "21045000",
            "netIncomeFromContinuingOperations": "90770000",
            "comprehensiveIncomeNetOfTax": "113221000",
            "ebit": "127833000",
            "ebitda": "223435000",
            "netIncome": "90770000"
        },
        {
            "fiscalDateEnding": "2018-06-30",
            "reportedCurrency": "USD",
            "grossProfit": "718328000",
            "totalRevenue": "3326676000",
            "costOfRevenue": "2608348000",
            "costofGoodsAndServicesSold": "1597704000",
            "operatingIncome": "157108000",
            "sellingGeneralAndAdministrative": "552723000",
            "researchAndDevelopment": "None",
            "operatingExpenses": "692112000",
            "investmentIncomeNet": "5108000",
            "netInterestIncome": "-17883000",
            "interestIncome": "-648000",
            "interestExpense": "17235000",
            "nonInterestIncome": "3326676000",
            "otherNonOperatingIncome": "-437000",
            "depreciation": "None",
            "depreciationAndAmortization": "51493000",
            "incomeBeforeTax": "144515000",
            "incomeTaxExpense": "33879000",
            "interestAndDebtExpense": "17883000",
            "netIncomeFromContinuingOperations": "110636000",
            "comprehensiveIncomeNetOfTax": "27708000",
            "ebit": "161750000",
            "ebitda": "257507000",
            "netIncome": "110636000"
        },
        {
            "fiscalDateEnding": "2018-03-31",
            "reportedCurrency": "USD",
            "grossProfit": "719129000",
            "totalRevenue": "3220439000",
            "costOfRevenue": "2501310000",
            "costofGoodsAndServicesSold": "1554321000",
            "operatingIncome": "162240000",
            "sellingGeneralAndAdministrative": "554214000",
            "researchAndDevelopment": "None",
            "operatingExpenses": "692691000",
            "investmentIncomeNet": "5158000",
            "netInterestIncome": "-17538000",
            "interestIncome": "-634000",
            "interestExpense": "16904000",
            "nonInterestIncome": "3220439000",
            "otherNonOperatingIncome": "-750000",
            "depreciation": "None",
            "depreciationAndAmortization": "52085000",
            "incomeBeforeTax": "147676000",
            "incomeTaxExpense": "36142000",
            "interestAndDebtExpense": "17538000",
            "netIncomeFromContinuingOperations": "111534000",
            "comprehensiveIncomeNetOfTax": "172397000",
            "ebit": "164580000",
            "ebitda": "257605000",
            "netIncome": "111534000"
        }
    ]
}