{
    "symbol": "IEX",
    "annualReports": [
        {
            "fiscalDateEnding": "2022-12-31",
            "reportedCurrency": "USD",
            "grossProfit": "1426900000",
            "totalRevenue": "3181900000",
            "costOfRevenue": "1755000000",
            "costofGoodsAndServicesSold": "1755000000",
            "operatingIncome": "751400000",
            "sellingGeneralAndAdministrative": "652700000",
            "researchAndDevelopment": "61400000",
            "operatingExpenses": "803200000",
            "investmentIncomeNet": "None",
            "netInterestIncome": "-40700000",
            "interestIncome": "40700000",
            "interestExpense": "40700000",
            "nonInterestIncome": "3221000000",
            "otherNonOperatingIncome": "3900000",
            "depreciation": "50700000",
            "depreciationAndAmortization": "69000000",
            "incomeBeforeTax": "749600000",
            "incomeTaxExpense": "162700000",
            "interestAndDebtExpense": "40700000",
            "netIncomeFromContinuingOperations": "586700000",
            "comprehensiveIncomeNetOfTax": "530300000",
            "ebit": "790300000",
            "ebitda": "859300000",
            "netIncome": "586900000"
        },
        {
            "fiscalDateEnding": "2021-12-31",
            "reportedCurrency": "USD",
            "grossProfit": "1224500000",
            "totalRevenue": "2764800000",
            "costOfRevenue": "1540300000",
            "costofGoodsAndServicesSold": "1540300000",
            "operatingIncome": "637000000",
            "sellingGeneralAndAdministrative": "578200000",
            "researchAndDevelopment": "50100000",
            "operatingExpenses": "694000000",
            "investmentIncomeNet": "None",
            "netInterestIncome": "-41000000",
            "interestIncome": "41000000",
            "interestExpense": "41000000",
            "nonInterestIncome": "2763700000",
            "otherNonOperatingIncome": "-16200000",
            "depreciation": "46600000",
            "depreciationAndAmortization": "56400000",
            "incomeBeforeTax": "579900000",
            "incomeTaxExpense": "130500000",
            "interestAndDebtExpense": "41000000",
            "netIncomeFromContinuingOperations": "449300000",
            "comprehensiveIncomeNetOfTax": "393200000",
            "ebit": "620900000",
            "ebitda": "677300000",
            "netIncome": "449400000"
        },
        {
            "fiscalDateEnding": "2020-12-31",
            "reportedCurrency": "USD",
            "grossProfit": "1027400000",
            "totalRevenue": "2351600000",
            "costOfRevenue": "1324200000",
            "costofGoodsAndServicesSold": "1324200000",
            "operatingIncome": "520700000",
            "sellingGeneralAndAdministrative": "494900000",
            "researchAndDevelopment": "48200000",
            "operatingExpenses": "601203000",
            "investmentIncomeNet": "None",
            "netInterestIncome": "-44746000",
            "interestIncome": "54000",
            "interestExpense": "44800000",
            "nonInterestIncome": "2348646000",
            "otherNonOperatingIncome": "-5600000",
            "depreciation": "41700000",
            "depreciationAndAmortization": "41844000",
            "incomeBeforeTax": "470300000",
            "incomeTaxExpense": "92500000",
            "interestAndDebtExpense": "44746000",
            "netIncomeFromContinuingOperations": "377778000",
            "comprehensiveIncomeNetOfTax": "491600000",
            "ebit": "515100000",
            "ebitda": "556944000",
            "netIncome": "377800000"
        },
        {
            "fiscalDateEnding": "2019-12-31",
            "reportedCurrency": "USD",
            "grossProfit": "1125000000",
            "totalRevenue": "2494600000",
            "costOfRevenue": "1369600000",
            "costofGoodsAndServicesSold": "1369600000",
            "operatingIncome": "579000000",
            "sellingGeneralAndAdministrative": "525000000",
            "researchAndDevelopment": "56400000",
            "operatingExpenses": "651575000",
            "investmentIncomeNet": "None",
            "netInterestIncome": "-44341000",
            "interestIncome": "-41000",
            "interestExpense": "44300000",
            "nonInterestIncome": "2491273000",
            "otherNonOperatingIncome": "-1800000",
            "depreciation": "None",
            "depreciationAndAmortization": "37333000",
            "incomeBeforeTax": "532900000",
            "incomeTaxExpense": "107400000",
            "interestAndDebtExpense": "44341000",
            "netIncomeFromContinuingOperations": "425521000",
            "comprehensiveIncomeNetOfTax": "427400000",
            "ebit": "577200000",
            "ebitda": "614533000",
            "netIncome": "425500000"
        },
        {
            "fiscalDateEnding": "2018-12-31",
            "reportedCurrency": "USD",
            "grossProfit": "1117895000",
            "totalRevenue": "2483666000",
            "costOfRevenue": "1365771000",
            "costofGoodsAndServicesSold": "1365771000",
            "operatingIncome": "569088000",
            "sellingGeneralAndAdministrative": "536724000",
            "researchAndDevelopment": "48000000",
            "operatingExpenses": "638856000",
            "investmentIncomeNet": "None",
            "netInterestIncome": "-44134000",
            "interestIncome": "44134000",
            "interestExpense": "44134000",
            "nonInterestIncome": "2486066000",
            "otherNonOperatingIncome": "3985000",
            "depreciation": "None",
            "depreciationAndAmortization": "39049000",
            "incomeBeforeTax": "528939000",
            "incomeTaxExpense": "118366000",
            "interestAndDebtExpense": "44134000",
            "netIncomeFromContinuingOperations": "410573000",
            "comprehensiveIncomeNetOfTax": "377290000",
            "ebit": "573073000",
            "ebitda": "612122000",
            "netIncome": "410573000"
        }
    ],
    "quarterlyReports": [
        {
            "fiscalDateEnding": "2022-12-31",
            "reportedCurrency": "USD",
            "grossProfit": "345700000",
            "totalRevenue": "810700000",
            "costOfRevenue": "465000000",
            "costofGoodsAndServicesSold": "465000000",
            "operatingIncome": "175000000",
            "sellingGeneralAndAdministrative": "169000000",
            "researchAndDevelopment": "None",
            "operatingExpenses": "287000000",
            "investmentIncomeNet": "None",
            "netInterestIncome": "-12100000",
            "interestIncome": "12100000",
            "interestExpense": "12100000",
            "nonInterestIncome": "812000000",
            "otherNonOperatingIncome": "600000",
            "depreciation": "None",
            "depreciationAndAmortization": "19800000",
            "incomeBeforeTax": "163500000",
            "incomeTaxExpense": "33500000",
            "interestAndDebtExpense": "12100000",
            "netIncomeFromContinuingOperations": "130000000",
            "comprehensiveIncomeNetOfTax": "267900000",
            "ebit": "175600000",
            "ebitda": "195400000",
            "netIncome": "130000000"
        },
        {
            "fiscalDateEnding": "2022-09-30",
            "reportedCurrency": "USD",
            "grossProfit": "381800000",
            "totalRevenue": "824000000",
            "costOfRevenue": "442200000",
            "costofGoodsAndServicesSold": "442200000",
            "operatingIncome": "202200000",
            "sellingGeneralAndAdministrative": "161900000",
            "researchAndDevelopment": "None",
            "operatingExpenses": "144100000",
            "investmentIncomeNet": "None",
            "netInterestIncome": "-9600000",
            "interestIncome": "9600000",
            "interestExpense": "9600000",
            "nonInterestIncome": "858800000",
            "otherNonOperatingIncome": "1000000",
            "depreciation": "None",
            "depreciationAndAmortization": "17000000",
            "incomeBeforeTax": "228400000",
            "incomeTaxExpense": "49700000",
            "interestAndDebtExpense": "9600000",
            "netIncomeFromContinuingOperations": "178700000",
            "comprehensiveIncomeNetOfTax": "84400000",
            "ebit": "238000000",
            "ebitda": "255000000",
            "netIncome": "178700000"
        },
        {
            "fiscalDateEnding": "2022-06-30",
            "reportedCurrency": "USD",
            "grossProfit": "356900000",
            "totalRevenue": "796100000",
            "costOfRevenue": "439200000",
            "costofGoodsAndServicesSold": "439200000",
            "operatingIncome": "186600000",
            "sellingGeneralAndAdministrative": "167500000",
            "researchAndDevelopment": "None",
            "operatingExpenses": "184400000",
            "investmentIncomeNet": "None",
            "netInterestIncome": "-9500000",
            "interestIncome": "9500000",
            "interestExpense": "9500000",
            "nonInterestIncome": "796100000",
            "otherNonOperatingIncome": "0",
            "depreciation": "None",
            "depreciationAndAmortization": "16900000",
            "incomeBeforeTax": "177200000",
            "incomeTaxExpense": "39000000",
            "interestAndDebtExpense": "9500000",
            "netIncomeFromContinuingOperations": "138100000",
            "comprehensiveIncomeNetOfTax": "56900000",
            "ebit": "186700000",
            "ebitda": "203600000",
            "netIncome": "138200000"
        },
        {
            "fiscalDateEnding": "2022-03-31",
            "reportedCurrency": "USD",
            "grossProfit": "342500000",
            "totalRevenue": "751100000",
            "costOfRevenue": "408600000",
            "costofGoodsAndServicesSold": "408600000",
            "operatingIncome": "187600000",
            "sellingGeneralAndAdministrative": "154300000",
            "researchAndDevelopment": "None",
            "operatingExpenses": "167500000",
            "investmentIncomeNet": "None",
            "netInterestIncome": "-9500000",
            "interestIncome": "9500000",
            "interestExpense": "9500000",
            "nonInterestIncome": "753800000",
            "otherNonOperatingIncome": "2300000",
            "depreciation": "None",
            "depreciationAndAmortization": "15300000",
            "incomeBeforeTax": "180500000",
            "incomeTaxExpense": "40500000",
            "interestAndDebtExpense": "9500000",
            "netIncomeFromContinuingOperations": "139900000",
            "comprehensiveIncomeNetOfTax": "121000000",
            "ebit": "190000000",
            "ebitda": "205300000",
            "netIncome": "140000000"
        },
        {
            "fiscalDateEnding": "2021-12-31",
            "reportedCurrency": "USD",
            "grossProfit": "314200000",
            "totalRevenue": "714800000",
            "costOfRevenue": "400600000",
            "costofGoodsAndServicesSold": "400600000",
            "operatingIncome": "162000000",
            "sellingGeneralAndAdministrative": "151500000",
            "researchAndDevelopment": "None",
            "operatingExpenses": "208351000",
            "investmentIncomeNet": "None",
            "netInterestIncome": "-9521000",
            "interestIncome": "79000",
            "interestExpense": "9600000",
            "nonInterestIncome": "713698000",
            "otherNonOperatingIncome": "800000",
            "depreciation": "None",
            "depreciationAndAmortization": "15700000",
            "incomeBeforeTax": "153300000",
            "incomeTaxExpense": "34500000",
            "interestAndDebtExpense": "9521000",
            "netIncomeFromContinuingOperations": "118748000",
            "comprehensiveIncomeNetOfTax": "106200000",
            "ebit": "162900000",
            "ebitda": "178600000",
            "netIncome": "118800000"
        },
        {
            "fiscalDateEnding": "2021-09-30",
            "reportedCurrency": "USD",
            "grossProfit": "311600000",
            "totalRevenue": "712000000",
            "costOfRevenue": "400400000",
            "costofGoodsAndServicesSold": "400400000",
            "operatingIncome": "161200000",
            "sellingGeneralAndAdministrative": "147200000",
            "researchAndDevelopment": "None",
            "operatingExpenses": "163380000",
            "investmentIncomeNet": "None",
            "netInterestIncome": "-9498000",
            "interestIncome": "2000",
            "interestExpense": "9500000",
            "nonInterestIncome": "712019000",
            "otherNonOperatingIncome": "-600000",
            "depreciation": "None",
            "depreciationAndAmortization": "16200000",
            "incomeBeforeTax": "151100000",
            "incomeTaxExpense": "35400000",
            "interestAndDebtExpense": "9498000",
            "netIncomeFromContinuingOperations": "115757000",
            "comprehensiveIncomeNetOfTax": "87800000",
            "ebit": "160600000",
            "ebitda": "176800000",
            "netIncome": "115700000"
        },
        {
            "fiscalDateEnding": "2021-06-30",
            "reportedCurrency": "USD",
            "grossProfit": "306100000",
            "totalRevenue": "686000000",
            "costOfRevenue": "379900000",
            "costofGoodsAndServicesSold": "379900000",
            "operatingIncome": "158300000",
            "sellingGeneralAndAdministrative": "144600000",
            "researchAndDevelopment": "None",
            "operatingExpenses": "158280000",
            "investmentIncomeNet": "None",
            "netInterestIncome": "-11205000",
            "interestIncome": "-5000",
            "interestExpense": "11200000",
            "nonInterestIncome": "685947000",
            "otherNonOperatingIncome": "-17200000",
            "depreciation": "None",
            "depreciationAndAmortization": "13500000",
            "incomeBeforeTax": "129900000",
            "incomeTaxExpense": "27700000",
            "interestAndDebtExpense": "11205000",
            "netIncomeFromContinuingOperations": "102176000",
            "comprehensiveIncomeNetOfTax": "133500000",
            "ebit": "141100000",
            "ebitda": "154600000",
            "netIncome": "102200000"
        },
        {
            "fiscalDateEnding": "2021-03-31",
            "reportedCurrency": "USD",
            "grossProfit": "292600000",
            "totalRevenue": "652000000",
            "costOfRevenue": "359400000",
            "costofGoodsAndServicesSold": "359400000",
            "operatingIncome": "155500000",
            "sellingGeneralAndAdministrative": "134900000",
            "researchAndDevelopment": "None",
            "operatingExpenses": "148202000",
            "investmentIncomeNet": "None",
            "netInterestIncome": "-10776000",
            "interestIncome": "-76000",
            "interestExpense": "10700000",
            "nonInterestIncome": "652036000",
            "otherNonOperatingIncome": "800000",
            "depreciation": "None",
            "depreciationAndAmortization": "10990000",
            "incomeBeforeTax": "145600000",
            "incomeTaxExpense": "32900000",
            "interestAndDebtExpense": "10776000",
            "netIncomeFromContinuingOperations": "112719000",
            "comprehensiveIncomeNetOfTax": "65700000",
            "ebit": "156300000",
            "ebitda": "167290000",
            "netIncome": "112700000"
        },
        {
            "fiscalDateEnding": "2020-12-31",
            "reportedCurrency": "USD",
            "grossProfit": "269168000",
            "totalRevenue": "614822000",
            "costOfRevenue": "345654000",
            "costofGoodsAndServicesSold": "345632000",
            "operatingIncome": "138965000",
            "sellingGeneralAndAdministrative": "125150000",
            "researchAndDevelopment": "None",
            "operatingExpenses": "193487000",
            "investmentIncomeNet": "None",
            "netInterestIncome": "-10788000",
            "interestIncome": "54000",
            "interestExpense": "10842000",
            "nonInterestIncome": "611822000",
            "otherNonOperatingIncome": "1721000",
            "depreciation": "None",
            "depreciationAndAmortization": "10721000",
            "incomeBeforeTax": "129768000",
            "incomeTaxExpense": "28700000",
            "interestAndDebtExpense": "10788000",
            "netIncomeFromContinuingOperations": "138965000",
            "comprehensiveIncomeNetOfTax": "168794000",
            "ebit": "140610000",
            "ebitda": "151331000",
            "netIncome": "101068000"
        },
        {
            "fiscalDateEnding": "2020-09-30",
            "reportedCurrency": "USD",
            "grossProfit": "251500000",
            "totalRevenue": "581113000",
            "costOfRevenue": "329613000",
            "costofGoodsAndServicesSold": "329613000",
            "operatingIncome": "131213000",
            "sellingGeneralAndAdministrative": "117370000",
            "researchAndDevelopment": "None",
            "operatingExpenses": "131387000",
            "investmentIncomeNet": "None",
            "netInterestIncome": "-10642000",
            "interestIncome": "10642000",
            "interestExpense": "10642000",
            "nonInterestIncome": "581113000",
            "otherNonOperatingIncome": "704000",
            "depreciation": "None",
            "depreciationAndAmortization": "11100000",
            "incomeBeforeTax": "121248000",
            "incomeTaxExpense": "17400000",
            "interestAndDebtExpense": "10642000",
            "netIncomeFromContinuingOperations": "103875000",
            "comprehensiveIncomeNetOfTax": "152154000",
            "ebit": "131890000",
            "ebitda": "142990000",
            "netIncome": "103848000"
        },
        {
            "fiscalDateEnding": "2020-06-30",
            "reportedCurrency": "USD",
            "grossProfit": "234800000",
            "totalRevenue": "561249000",
            "costOfRevenue": "326449000",
            "costofGoodsAndServicesSold": "326449000",
            "operatingIncome": "110594000",
            "sellingGeneralAndAdministrative": "120365000",
            "researchAndDevelopment": "None",
            "operatingExpenses": "134706000",
            "investmentIncomeNet": "None",
            "netInterestIncome": "-12439000",
            "interestIncome": "12439000",
            "interestExpense": "12439000",
            "nonInterestIncome": "561249000",
            "otherNonOperatingIncome": "-6460000",
            "depreciation": "None",
            "depreciationAndAmortization": "10500000",
            "incomeBeforeTax": "91664000",
            "incomeTaxExpense": "20800000",
            "interestAndDebtExpense": "12439000",
            "netIncomeFromContinuingOperations": "70864000",
            "comprehensiveIncomeNetOfTax": "91620000",
            "ebit": "104103000",
            "ebitda": "114603000",
            "netIncome": "70864000"
        },
        {
            "fiscalDateEnding": "2020-03-31",
            "reportedCurrency": "USD",
            "grossProfit": "271956000",
            "totalRevenue": "594462000",
            "costOfRevenue": "322506000",
            "costofGoodsAndServicesSold": "322506000",
            "operatingIncome": "139941000",
            "sellingGeneralAndAdministrative": "132015000",
            "researchAndDevelopment": "None",
            "operatingExpenses": "141515000",
            "investmentIncomeNet": "None",
            "netInterestIncome": "-10877000",
            "interestIncome": "10877000",
            "interestExpense": "10877000",
            "nonInterestIncome": "594462000",
            "otherNonOperatingIncome": "-1565000",
            "depreciation": "None",
            "depreciationAndAmortization": "9500000",
            "incomeBeforeTax": "127498000",
            "incomeTaxExpense": "25500000",
            "interestAndDebtExpense": "10877000",
            "netIncomeFromContinuingOperations": "101998000",
            "comprehensiveIncomeNetOfTax": "79032000",
            "ebit": "138375000",
            "ebitda": "147875000",
            "netIncome": "101998000"
        },
        {
            "fiscalDateEnding": "2019-12-31",
            "reportedCurrency": "USD",
            "grossProfit": "266885000",
            "totalRevenue": "605997000",
            "costOfRevenue": "339112000",
            "costofGoodsAndServicesSold": "339173000",
            "operatingIncome": "134173000",
            "sellingGeneralAndAdministrative": "125763000",
            "researchAndDevelopment": "None",
            "operatingExpenses": "210509000",
            "investmentIncomeNet": "None",
            "netInterestIncome": "-11079000",
            "interestIncome": "-41000",
            "interestExpense": "11038000",
            "nonInterestIncome": "602697000",
            "otherNonOperatingIncome": "-1099000",
            "depreciation": "None",
            "depreciationAndAmortization": "9586000",
            "incomeBeforeTax": "122050000",
            "incomeTaxExpense": "25200000",
            "interestAndDebtExpense": "11079000",
            "netIncomeFromContinuingOperations": "134173000",
            "comprehensiveIncomeNetOfTax": "129365000",
            "ebit": "133088000",
            "ebitda": "142674000",
            "netIncome": "96850000"
        },
        {
            "fiscalDateEnding": "2019-09-30",
            "reportedCurrency": "USD",
            "grossProfit": "281978000",
            "totalRevenue": "624246000",
            "costOfRevenue": "342268000",
            "costofGoodsAndServicesSold": "342268000",
            "operatingIncome": "141765000",
            "sellingGeneralAndAdministrative": "128257000",
            "researchAndDevelopment": "None",
            "operatingExpenses": "147657000",
            "investmentIncomeNet": "None",
            "netInterestIncome": "-11330000",
            "interestIncome": "11330000",
            "interestExpense": "11330000",
            "nonInterestIncome": "624246000",
            "otherNonOperatingIncome": "-1219000",
            "depreciation": "None",
            "depreciationAndAmortization": "9700000",
            "incomeBeforeTax": "129194000",
            "incomeTaxExpense": "24000000",
            "interestAndDebtExpense": "11330000",
            "netIncomeFromContinuingOperations": "105194000",
            "comprehensiveIncomeNetOfTax": "70242000",
            "ebit": "140524000",
            "ebitda": "150224000",
            "netIncome": "105194000"
        },
        {
            "fiscalDateEnding": "2019-06-30",
            "reportedCurrency": "USD",
            "grossProfit": "292337000",
            "totalRevenue": "642099000",
            "costOfRevenue": "349762000",
            "costofGoodsAndServicesSold": "349762000",
            "operatingIncome": "155283000",
            "sellingGeneralAndAdministrative": "134928000",
            "researchAndDevelopment": "None",
            "operatingExpenses": "146054000",
            "investmentIncomeNet": "None",
            "netInterestIncome": "-11011000",
            "interestIncome": "11011000",
            "interestExpense": "11011000",
            "nonInterestIncome": "642099000",
            "otherNonOperatingIncome": "378000",
            "depreciation": "None",
            "depreciationAndAmortization": "9000000",
            "incomeBeforeTax": "144650000",
            "incomeTaxExpense": "31441000",
            "interestAndDebtExpense": "11011000",
            "netIncomeFromContinuingOperations": "113209000",
            "comprehensiveIncomeNetOfTax": "118317000",
            "ebit": "155661000",
            "ebitda": "164661000",
            "netIncome": "113209000"
        },
        {
            "fiscalDateEnding": "2019-03-31",
            "reportedCurrency": "USD",
            "grossProfit": "283834000",
            "totalRevenue": "622231000",
            "costOfRevenue": "338397000",
            "costofGoodsAndServicesSold": "338397000",
            "operatingIncome": "147782000",
            "sellingGeneralAndAdministrative": "136052000",
            "researchAndDevelopment": "None",
            "operatingExpenses": "145052000",
            "investmentIncomeNet": "None",
            "netInterestIncome": "-10921000",
            "interestIncome": "None",
            "interestExpense": "10921000",
            "nonInterestIncome": "622231000",
            "otherNonOperatingIncome": "140000",
            "depreciation": "None",
            "depreciationAndAmortization": "9000000",
            "incomeBeforeTax": "137001000",
            "incomeTaxExpense": "26733000",
            "interestAndDebtExpense": "10921000",
            "netIncomeFromContinuingOperations": "110268000",
            "comprehensiveIncomeNetOfTax": "109476000",
            "ebit": "147922000",
            "ebitda": "156922000",
            "netIncome": "110268000"
        },
        {
            "fiscalDateEnding": "2018-12-31",
            "reportedCurrency": "USD",
            "grossProfit": "273643000",
            "totalRevenue": "614094000",
            "costOfRevenue": "340451000",
            "costofGoodsAndServicesSold": "340451000",
            "operatingIncome": "139441000",
            "sellingGeneralAndAdministrative": "130370000",
            "researchAndDevelopment": "48000000",
            "operatingExpenses": "194751000",
            "investmentIncomeNet": "None",
            "netInterestIncome": "-11036000",
            "interestIncome": "None",
            "interestExpense": "11036000",
            "nonInterestIncome": "616494000",
            "otherNonOperatingIncome": "420000",
            "depreciation": "None",
            "depreciationAndAmortization": "9549000",
            "incomeBeforeTax": "128825000",
            "incomeTaxExpense": "30688000",
            "interestAndDebtExpense": "11036000",
            "netIncomeFromContinuingOperations": "139441000",
            "comprehensiveIncomeNetOfTax": "83014000",
            "ebit": "139861000",
            "ebitda": "149410000",
            "netIncome": "98137000"
        },
        {
            "fiscalDateEnding": "2018-09-30",
            "reportedCurrency": "USD",
            "grossProfit": "280233000",
            "totalRevenue": "622888000",
            "costOfRevenue": "342655000",
            "costofGoodsAndServicesSold": "342655000",
            "operatingIncome": "145133000",
            "sellingGeneralAndAdministrative": "130479000",
            "researchAndDevelopment": "None",
            "operatingExpenses": "143900000",
            "investmentIncomeNet": "None",
            "netInterestIncome": "-10958000",
            "interestIncome": "None",
            "interestExpense": "10958000",
            "nonInterestIncome": "622888000",
            "otherNonOperatingIncome": "-934000",
            "depreciation": "None",
            "depreciationAndAmortization": "8800000",
            "incomeBeforeTax": "133241000",
            "incomeTaxExpense": "26889000",
            "interestAndDebtExpense": "10958000",
            "netIncomeFromContinuingOperations": "106352000",
            "comprehensiveIncomeNetOfTax": "118030000",
            "ebit": "144199000",
            "ebitda": "152999000",
            "netIncome": "106352000"
        },
        {
            "fiscalDateEnding": "2018-06-30",
            "reportedCurrency": "USD",
            "grossProfit": "287367000",
            "totalRevenue": "634360000",
            "costOfRevenue": "346993000",
            "costofGoodsAndServicesSold": "346993000",
            "operatingIncome": "147831000",
            "sellingGeneralAndAdministrative": "137548000",
            "researchAndDevelopment": "None",
            "operatingExpenses": "149336000",
            "investmentIncomeNet": "None",
            "netInterestIncome": "-11140000",
            "interestIncome": "None",
            "interestExpense": "11140000",
            "nonInterestIncome": "634360000",
            "otherNonOperatingIncome": "50000",
            "depreciation": "None",
            "depreciationAndAmortization": "9800000",
            "incomeBeforeTax": "136741000",
            "incomeTaxExpense": "29615000",
            "interestAndDebtExpense": "11140000",
            "netIncomeFromContinuingOperations": "107126000",
            "comprehensiveIncomeNetOfTax": "47036000",
            "ebit": "147881000",
            "ebitda": "157681000",
            "netIncome": "107126000"
        },
        {
            "fiscalDateEnding": "2018-03-31",
            "reportedCurrency": "USD",
            "grossProfit": "276652000",
            "totalRevenue": "612324000",
            "costOfRevenue": "335672000",
            "costofGoodsAndServicesSold": "335672000",
            "operatingIncome": "136683000",
            "sellingGeneralAndAdministrative": "138327000",
            "researchAndDevelopment": "None",
            "operatingExpenses": "150840000",
            "investmentIncomeNet": "None",
            "netInterestIncome": "-11000000",
            "interestIncome": "None",
            "interestExpense": "11000000",
            "nonInterestIncome": "612324000",
            "otherNonOperatingIncome": "4449000",
            "depreciation": "None",
            "depreciationAndAmortization": "10871000",
            "incomeBeforeTax": "130132000",
            "incomeTaxExpense": "31174000",
            "interestAndDebtExpense": "11000000",
            "netIncomeFromContinuingOperations": "98958000",
            "comprehensiveIncomeNetOfTax": "129210000",
            "ebit": "141132000",
            "ebitda": "152003000",
            "netIncome": "98958000"
        }
    ]
}