{
    "symbol": "IFF",
    "annualReports": [
        {
            "fiscalDateEnding": "2022-12-31",
            "reportedCurrency": "USD",
            "grossProfit": "4151000000",
            "totalRevenue": "12118000000",
            "costOfRevenue": "14345000000",
            "costofGoodsAndServicesSold": "8289000000",
            "operatingIncome": "-1326000000",
            "sellingGeneralAndAdministrative": "1768000000",
            "researchAndDevelopment": "603000000",
            "operatingExpenses": "6664000000",
            "investmentIncomeNet": "None",
            "netInterestIncome": "-336000000",
            "interestIncome": "336000000",
            "interestExpense": "336000000",
            "nonInterestIncome": "12454000000",
            "otherNonOperatingIncome": "37000000",
            "depreciation": "452000000",
            "depreciationAndAmortization": "1906000000",
            "incomeBeforeTax": "-1632000000",
            "incomeTaxExpense": "239000000",
            "interestAndDebtExpense": "336000000",
            "netIncomeFromContinuingOperations": "-1864000000",
            "comprehensiveIncomeNetOfTax": "-2617000000",
            "ebit": "-1326000000",
            "ebitda": "610000000",
            "netIncome": "-1871000000"
        },
        {
            "fiscalDateEnding": "2021-12-31",
            "reportedCurrency": "USD",
            "grossProfit": "3735000000",
            "totalRevenue": "11368000000",
            "costOfRevenue": "11599000000",
            "costofGoodsAndServicesSold": "7921000000",
            "operatingIncome": "585000000",
            "sellingGeneralAndAdministrative": "1749000000",
            "researchAndDevelopment": "629000000",
            "operatingExpenses": "4312000000",
            "investmentIncomeNet": "None",
            "netInterestIncome": "-289000000",
            "interestIncome": "289000000",
            "interestExpense": "289000000",
            "nonInterestIncome": "11657000000",
            "otherNonOperatingIncome": "58000000",
            "depreciation": "424000000",
            "depreciationAndAmortization": "1888000000",
            "incomeBeforeTax": "345000000",
            "incomeTaxExpense": "75000000",
            "interestAndDebtExpense": "289000000",
            "netIncomeFromContinuingOperations": "279000000",
            "comprehensiveIncomeNetOfTax": "-455000000",
            "ebit": "585000000",
            "ebitda": "2522000000",
            "netIncome": "270000000"
        },
        {
            "fiscalDateEnding": "2020-12-31",
            "reportedCurrency": "USD",
            "grossProfit": "2086000000",
            "totalRevenue": "4948653000",
            "costOfRevenue": "4157108000",
            "costofGoodsAndServicesSold": "2998000000",
            "operatingIncome": "566000000",
            "sellingGeneralAndAdministrative": "949000000",
            "researchAndDevelopment": "357000000",
            "operatingExpenses": "1525300000",
            "investmentIncomeNet": "None",
            "netInterestIncome": "-131802000",
            "interestIncome": "198000",
            "interestExpense": "132000000",
            "nonInterestIncome": "5080455000",
            "otherNonOperatingIncome": "7000000",
            "depreciation": "132000000",
            "depreciationAndAmortization": "192607000",
            "incomeBeforeTax": "437228000",
            "incomeTaxExpense": "74000000",
            "interestAndDebtExpense": "131802000",
            "netIncomeFromContinuingOperations": "367372000",
            "comprehensiveIncomeNetOfTax": "382000000",
            "ebit": "566000000",
            "ebitda": "761835000",
            "netIncome": "363228000"
        },
        {
            "fiscalDateEnding": "2019-12-31",
            "reportedCurrency": "USD",
            "grossProfit": "2113000000",
            "totalRevenue": "4999496000",
            "costOfRevenue": "4126319000",
            "costofGoodsAndServicesSold": "3027000000",
            "operatingIncome": "665000000",
            "sellingGeneralAndAdministrative": "876000000",
            "researchAndDevelopment": "346000000",
            "operatingExpenses": "1447478000",
            "investmentIncomeNet": "None",
            "netInterestIncome": "-138221000",
            "interestIncome": "-221000",
            "interestExpense": "138000000",
            "nonInterestIncome": "5137717000",
            "otherNonOperatingIncome": "30000000",
            "depreciation": "130000000",
            "depreciationAndAmortization": "193097000",
            "incomeBeforeTax": "552873000",
            "incomeTaxExpense": "97000000",
            "interestAndDebtExpense": "138221000",
            "netIncomeFromContinuingOperations": "460268000",
            "comprehensiveIncomeNetOfTax": "441000000",
            "ebit": "665000000",
            "ebitda": "883970000",
            "netIncome": "455873000"
        },
        {
            "fiscalDateEnding": "2018-12-31",
            "reportedCurrency": "USD",
            "grossProfit": "1682707000",
            "totalRevenue": "7784887000",
            "costOfRevenue": "3083251000",
            "costofGoodsAndServicesSold": "2294832000",
            "operatingIncome": "583882000",
            "sellingGeneralAndAdministrative": "707461000",
            "researchAndDevelopment": "311583000",
            "operatingExpenses": "1098825000",
            "investmentIncomeNet": "None",
            "netInterestIncome": "-132558000",
            "interestIncome": "118405000",
            "interestExpense": "132558000",
            "nonInterestIncome": "3939906000",
            "otherNonOperatingIncome": "35243000",
            "depreciation": "89100000",
            "depreciationAndAmortization": "75879000",
            "incomeBeforeTax": "447757000",
            "incomeTaxExpense": "107976000",
            "interestAndDebtExpense": "171368000",
            "netIncomeFromContinuingOperations": "339781000",
            "comprehensiveIncomeNetOfTax": "272557000",
            "ebit": "580315000",
            "ebitda": "656194000",
            "netIncome": "339781000"
        }
    ],
    "quarterlyReports": [
        {
            "fiscalDateEnding": "2022-12-31",
            "reportedCurrency": "USD",
            "grossProfit": "869000000",
            "totalRevenue": "2738000000",
            "costOfRevenue": "2877000000",
            "costofGoodsAndServicesSold": "1975000000",
            "operatingIncome": "105000000",
            "sellingGeneralAndAdministrative": "440000000",
            "researchAndDevelopment": "143000000",
            "operatingExpenses": "1049000000",
            "investmentIncomeNet": "None",
            "netInterestIncome": "-104000000",
            "interestIncome": "104000000",
            "interestExpense": "104000000",
            "nonInterestIncome": "2842000000",
            "otherNonOperatingIncome": "-6000000",
            "depreciation": "107000000",
            "depreciationAndAmortization": "457000000",
            "incomeBeforeTax": "-6000000",
            "incomeTaxExpense": "19000000",
            "interestAndDebtExpense": "104000000",
            "netIncomeFromContinuingOperations": "-24000000",
            "comprehensiveIncomeNetOfTax": "993000000",
            "ebit": "105000000",
            "ebitda": "555000000",
            "netIncome": "-25000000"
        },
        {
            "fiscalDateEnding": "2022-09-30",
            "reportedCurrency": "USD",
            "grossProfit": "1001000000",
            "totalRevenue": "2980000000",
            "costOfRevenue": "5197000000",
            "costofGoodsAndServicesSold": "2062000000",
            "operatingIncome": "-1985000000",
            "sellingGeneralAndAdministrative": "413000000",
            "researchAndDevelopment": "145000000",
            "operatingExpenses": "3280000000",
            "investmentIncomeNet": "None",
            "netInterestIncome": "-83000000",
            "interestIncome": "83000000",
            "interestExpense": "83000000",
            "nonInterestIncome": "3063000000",
            "otherNonOperatingIncome": "33000000",
            "depreciation": "111000000",
            "depreciationAndAmortization": "475000000",
            "incomeBeforeTax": "-2037000000",
            "incomeTaxExpense": "160000000",
            "interestAndDebtExpense": "83000000",
            "netIncomeFromContinuingOperations": "-2195000000",
            "comprehensiveIncomeNetOfTax": "-3174000000",
            "ebit": "-1954000000",
            "ebitda": "-1479000000",
            "netIncome": "-2197000000"
        },
        {
            "fiscalDateEnding": "2022-06-30",
            "reportedCurrency": "USD",
            "grossProfit": "1136000000",
            "totalRevenue": "3232000000",
            "costOfRevenue": "3240000000",
            "costofGoodsAndServicesSold": "2171000000",
            "operatingIncome": "213000000",
            "sellingGeneralAndAdministrative": "456000000",
            "researchAndDevelopment": "158000000",
            "operatingExpenses": "1225000000",
            "investmentIncomeNet": "None",
            "netInterestIncome": "-77000000",
            "interestIncome": "77000000",
            "interestExpense": "77000000",
            "nonInterestIncome": "3309000000",
            "otherNonOperatingIncome": "-6000000",
            "depreciation": "None",
            "depreciationAndAmortization": "485000000",
            "incomeBeforeTax": "128000000",
            "incomeTaxExpense": "21000000",
            "interestAndDebtExpense": "77000000",
            "netIncomeFromContinuingOperations": "109000000",
            "comprehensiveIncomeNetOfTax": "-481000000",
            "ebit": "205000000",
            "ebitda": "690000000",
            "netIncome": "107000000"
        },
        {
            "fiscalDateEnding": "2022-03-31",
            "reportedCurrency": "USD",
            "grossProfit": "1145000000",
            "totalRevenue": "3154000000",
            "costOfRevenue": "3031000000",
            "costofGoodsAndServicesSold": "2081000000",
            "operatingIncome": "341000000",
            "sellingGeneralAndAdministrative": "459000000",
            "researchAndDevelopment": "157000000",
            "operatingExpenses": "1130000000",
            "investmentIncomeNet": "None",
            "netInterestIncome": "-72000000",
            "interestIncome": "72000000",
            "interestExpense": "72000000",
            "nonInterestIncome": "3226000000",
            "otherNonOperatingIncome": "16000000",
            "depreciation": "None",
            "depreciationAndAmortization": "489000000",
            "incomeBeforeTax": "283000000",
            "incomeTaxExpense": "39000000",
            "interestAndDebtExpense": "72000000",
            "netIncomeFromContinuingOperations": "246000000",
            "comprehensiveIncomeNetOfTax": "45000000",
            "ebit": "355000000",
            "ebitda": "844000000",
            "netIncome": "244000000"
        },
        {
            "fiscalDateEnding": "2021-12-31",
            "reportedCurrency": "USD",
            "grossProfit": "981000000",
            "totalRevenue": "2958000000",
            "costOfRevenue": "2987000000",
            "costofGoodsAndServicesSold": "2050000000",
            "operatingIncome": "173000000",
            "sellingGeneralAndAdministrative": "450000000",
            "researchAndDevelopment": "166000000",
            "operatingExpenses": "1105000000",
            "investmentIncomeNet": "None",
            "netInterestIncome": "-73000000",
            "interestIncome": "73000000",
            "interestExpense": "73000000",
            "nonInterestIncome": "3031000000",
            "otherNonOperatingIncome": "14000000",
            "depreciation": "110000000",
            "depreciationAndAmortization": "480000000",
            "incomeBeforeTax": "112000000",
            "incomeTaxExpense": "22000000",
            "interestAndDebtExpense": "73000000",
            "netIncomeFromContinuingOperations": "92000000",
            "comprehensiveIncomeNetOfTax": "-153000000",
            "ebit": "173000000",
            "ebitda": "665000000",
            "netIncome": "90000000"
        },
        {
            "fiscalDateEnding": "2021-09-30",
            "reportedCurrency": "USD",
            "grossProfit": "1090000000",
            "totalRevenue": "2998000000",
            "costOfRevenue": "2915000000",
            "costofGoodsAndServicesSold": "1981000000",
            "operatingIncome": "298000000",
            "sellingGeneralAndAdministrative": "436000000",
            "researchAndDevelopment": "156000000",
            "operatingExpenses": "1089000000",
            "investmentIncomeNet": "None",
            "netInterestIncome": "-74000000",
            "interestIncome": "74000000",
            "interestExpense": "74000000",
            "nonInterestIncome": "3072000000",
            "otherNonOperatingIncome": "26000000",
            "depreciation": "102000000",
            "depreciationAndAmortization": "492000000",
            "incomeBeforeTax": "247000000",
            "incomeTaxExpense": "53000000",
            "interestAndDebtExpense": "74000000",
            "netIncomeFromContinuingOperations": "197000000",
            "comprehensiveIncomeNetOfTax": "-152000000",
            "ebit": "321000000",
            "ebitda": "813000000",
            "netIncome": "194000000"
        },
        {
            "fiscalDateEnding": "2021-06-30",
            "reportedCurrency": "USD",
            "grossProfit": "910000000",
            "totalRevenue": "3012000000",
            "costOfRevenue": "3137000000",
            "costofGoodsAndServicesSold": "2179000000",
            "operatingIncome": "110000000",
            "sellingGeneralAndAdministrative": "412000000",
            "researchAndDevelopment": "164000000",
            "operatingExpenses": "1122000000",
            "investmentIncomeNet": "None",
            "netInterestIncome": "-77000000",
            "interestIncome": "77000000",
            "interestExpense": "77000000",
            "nonInterestIncome": "3089000000",
            "otherNonOperatingIncome": "11000000",
            "depreciation": "None",
            "depreciationAndAmortization": "522000000",
            "incomeBeforeTax": "42000000",
            "incomeTaxExpense": "14000000",
            "interestAndDebtExpense": "77000000",
            "netIncomeFromContinuingOperations": "30000000",
            "comprehensiveIncomeNetOfTax": "296000000",
            "ebit": "119000000",
            "ebitda": "641000000",
            "netIncome": "28000000"
        },
        {
            "fiscalDateEnding": "2021-03-31",
            "reportedCurrency": "USD",
            "grossProfit": "754000000",
            "totalRevenue": "2400000000",
            "costOfRevenue": "2560000000",
            "costofGoodsAndServicesSold": "1711000000",
            "operatingIncome": "4000000",
            "sellingGeneralAndAdministrative": "451000000",
            "researchAndDevelopment": "143000000",
            "operatingExpenses": "993000000",
            "investmentIncomeNet": "None",
            "netInterestIncome": "-65000000",
            "interestIncome": "65000000",
            "interestExpense": "65000000",
            "nonInterestIncome": "2465000000",
            "otherNonOperatingIncome": "7000000",
            "depreciation": "None",
            "depreciationAndAmortization": "394000000",
            "incomeBeforeTax": "-56000000",
            "incomeTaxExpense": "-14000000",
            "interestAndDebtExpense": "65000000",
            "netIncomeFromContinuingOperations": "-40000000",
            "comprehensiveIncomeNetOfTax": "-446000000",
            "ebit": "9000000",
            "ebitda": "403000000",
            "netIncome": "-42000000"
        },
        {
            "fiscalDateEnding": "2020-12-31",
            "reportedCurrency": "USD",
            "grossProfit": "514000000",
            "totalRevenue": "1235101000",
            "costOfRevenue": "1067216000",
            "costofGoodsAndServicesSold": "756000000",
            "operatingIncome": "100000000",
            "sellingGeneralAndAdministrative": "254000000",
            "researchAndDevelopment": "101000000",
            "operatingExpenses": "411602000",
            "investmentIncomeNet": "None",
            "netInterestIncome": "-32756000",
            "interestIncome": "244000",
            "interestExpense": "33000000",
            "nonInterestIncome": "1267857000",
            "otherNonOperatingIncome": "12000000",
            "depreciation": "None",
            "depreciationAndAmortization": "47685000",
            "incomeBeforeTax": "80228000",
            "incomeTaxExpense": "13000000",
            "interestAndDebtExpense": "32756000",
            "netIncomeFromContinuingOperations": "66564000",
            "comprehensiveIncomeNetOfTax": "308000000",
            "ebit": "100000000",
            "ebitda": "160913000",
            "netIncome": "67228000"
        },
        {
            "fiscalDateEnding": "2020-09-30",
            "reportedCurrency": "USD",
            "grossProfit": "524000000",
            "totalRevenue": "1232817000",
            "costOfRevenue": "1027404000",
            "costofGoodsAndServicesSold": "744000000",
            "operatingIncome": "150000000",
            "sellingGeneralAndAdministrative": "235000000",
            "researchAndDevelopment": "89000000",
            "operatingExpenses": "374138000",
            "investmentIncomeNet": "None",
            "netInterestIncome": "-34844000",
            "interestIncome": "156000",
            "interestExpense": "35000000",
            "nonInterestIncome": "1267661000",
            "otherNonOperatingIncome": "-10000000",
            "depreciation": "None",
            "depreciationAndAmortization": "47738000",
            "incomeBeforeTax": "104000000",
            "incomeTaxExpense": "19000000",
            "interestAndDebtExpense": "34844000",
            "netIncomeFromContinuingOperations": "86231000",
            "comprehensiveIncomeNetOfTax": "163000000",
            "ebit": "139000000",
            "ebitda": "186738000",
            "netIncome": "85000000"
        },
        {
            "fiscalDateEnding": "2020-06-30",
            "reportedCurrency": "USD",
            "grossProfit": "482000000",
            "totalRevenue": "1166312000",
            "costOfRevenue": "998022000",
            "costofGoodsAndServicesSold": "717000000",
            "operatingIncome": "120000000",
            "sellingGeneralAndAdministrative": "230000000",
            "researchAndDevelopment": "81000000",
            "operatingExpenses": "362438000",
            "investmentIncomeNet": "None",
            "netInterestIncome": "-32062000",
            "interestIncome": "-62000",
            "interestExpense": "32000000",
            "nonInterestIncome": "1198374000",
            "otherNonOperatingIncome": "16000000",
            "depreciation": "None",
            "depreciationAndAmortization": "48800000",
            "incomeBeforeTax": "103000000",
            "incomeTaxExpense": "16000000",
            "interestAndDebtExpense": "32062000",
            "netIncomeFromContinuingOperations": "87366000",
            "comprehensiveIncomeNetOfTax": "234000000",
            "ebit": "135000000",
            "ebitda": "183800000",
            "netIncome": "87000000"
        },
        {
            "fiscalDateEnding": "2020-03-31",
            "reportedCurrency": "USD",
            "grossProfit": "566000000",
            "totalRevenue": "1314423000",
            "costOfRevenue": "1064432000",
            "costofGoodsAndServicesSold": "781000000",
            "operatingIncome": "196000000",
            "sellingGeneralAndAdministrative": "230000000",
            "researchAndDevelopment": "86000000",
            "operatingExpenses": "374396000",
            "investmentIncomeNet": "None",
            "netInterestIncome": "-32140000",
            "interestIncome": "-140000",
            "interestExpense": "32000000",
            "nonInterestIncome": "1346563000",
            "otherNonOperatingIncome": "-11000000",
            "depreciation": "None",
            "depreciationAndAmortization": "48350000",
            "incomeBeforeTax": "150000000",
            "incomeTaxExpense": "26000000",
            "interestAndDebtExpense": "32140000",
            "netIncomeFromContinuingOperations": "127211000",
            "comprehensiveIncomeNetOfTax": "-323000000",
            "ebit": "182000000",
            "ebitda": "230350000",
            "netIncome": "124000000"
        },
        {
            "fiscalDateEnding": "2019-12-31",
            "reportedCurrency": "USD",
            "grossProfit": "502414000",
            "totalRevenue": "1143181000",
            "costOfRevenue": "1080100000",
            "costofGoodsAndServicesSold": "781271000",
            "operatingIncome": "116529000",
            "sellingGeneralAndAdministrative": "241889000",
            "researchAndDevelopment": "85511000",
            "operatingExpenses": "385363000",
            "investmentIncomeNet": "None",
            "netInterestIncome": "-35559000",
            "interestIncome": "-221000",
            "interestExpense": "35338000",
            "nonInterestIncome": "1282538000",
            "otherNonOperatingIncome": "14886000",
            "depreciation": "None",
            "depreciationAndAmortization": "49133000",
            "incomeBeforeTax": "99510000",
            "incomeTaxExpense": "15967000",
            "interestAndDebtExpense": "35559000",
            "netIncomeFromContinuingOperations": "80378000",
            "comprehensiveIncomeNetOfTax": "233995000",
            "ebit": "116529000",
            "ebitda": "183981000",
            "netIncome": "83543000"
        },
        {
            "fiscalDateEnding": "2019-09-30",
            "reportedCurrency": "USD",
            "grossProfit": "533088000",
            "totalRevenue": "1267345000",
            "costOfRevenue": "734257000",
            "costofGoodsAndServicesSold": "734257000",
            "operatingIncome": "184664000",
            "sellingGeneralAndAdministrative": "210829000",
            "researchAndDevelopment": "85077000",
            "operatingExpenses": "348424000",
            "investmentIncomeNet": "None",
            "netInterestIncome": "-33497000",
            "interestIncome": "29105000",
            "interestExpense": "33497000",
            "nonInterestIncome": "1266973000",
            "otherNonOperatingIncome": "5699000",
            "depreciation": "None",
            "depreciationAndAmortization": "48430000",
            "incomeBeforeTax": "154183000",
            "incomeTaxExpense": "27059000",
            "interestAndDebtExpense": "33497000",
            "netIncomeFromContinuingOperations": "129807000",
            "comprehensiveIncomeNetOfTax": "-72069000",
            "ebit": "187680000",
            "ebitda": "236110000",
            "netIncome": "127124000"
        },
        {
            "fiscalDateEnding": "2019-06-30",
            "reportedCurrency": "USD",
            "grossProfit": "546239000",
            "totalRevenue": "1291568000",
            "costOfRevenue": "745329000",
            "costofGoodsAndServicesSold": "745329000",
            "operatingIncome": "199937000",
            "sellingGeneralAndAdministrative": "210100000",
            "researchAndDevelopment": "84816000",
            "operatingExpenses": "346302000",
            "investmentIncomeNet": "None",
            "netInterestIncome": "-32593000",
            "interestIncome": "28661000",
            "interestExpense": "32593000",
            "nonInterestIncome": "1290616000",
            "otherNonOperatingIncome": "2137000",
            "depreciation": "None",
            "depreciationAndAmortization": "47909000",
            "incomeBeforeTax": "166989000",
            "incomeTaxExpense": "30612000",
            "interestAndDebtExpense": "32593000",
            "netIncomeFromContinuingOperations": "138869000",
            "comprehensiveIncomeNetOfTax": "125372000",
            "ebit": "199582000",
            "ebitda": "247491000",
            "netIncome": "136377000"
        },
        {
            "fiscalDateEnding": "2019-03-31",
            "reportedCurrency": "USD",
            "grossProfit": "531259000",
            "totalRevenue": "1297402000",
            "costOfRevenue": "766143000",
            "costofGoodsAndServicesSold": "766143000",
            "operatingIncome": "163870000",
            "sellingGeneralAndAdministrative": "213182000",
            "researchAndDevelopment": "90596000",
            "operatingExpenses": "367389000",
            "investmentIncomeNet": "None",
            "netInterestIncome": "-36572000",
            "interestIncome": "35646000",
            "interestExpense": "36572000",
            "nonInterestIncome": "188000",
            "otherNonOperatingIncome": "7278000",
            "depreciation": "None",
            "depreciationAndAmortization": "47625000",
            "incomeBeforeTax": "132191000",
            "incomeTaxExpense": "23362000",
            "interestAndDebtExpense": "36572000",
            "netIncomeFromContinuingOperations": "111214000",
            "comprehensiveIncomeNetOfTax": "153702000",
            "ebit": "168763000",
            "ebitda": "216388000",
            "netIncome": "108829000"
        },
        {
            "fiscalDateEnding": "2018-12-31",
            "reportedCurrency": "USD",
            "grossProfit": "477515000",
            "totalRevenue": "5026395000",
            "costOfRevenue": "1041502000",
            "costofGoodsAndServicesSold": "741532000",
            "operatingIncome": "95249000",
            "sellingGeneralAndAdministrative": "249614000",
            "researchAndDevelopment": "83038000",
            "operatingExpenses": "382266000",
            "investmentIncomeNet": "None",
            "netInterestIncome": "-38803000",
            "interestIncome": "None",
            "interestExpense": "38803000",
            "nonInterestIncome": "3978281000",
            "otherNonOperatingIncome": "9854000",
            "depreciation": "None",
            "depreciationAndAmortization": "48107000",
            "incomeBeforeTax": "66300000",
            "incomeTaxExpense": "50800000",
            "interestAndDebtExpense": "38803000",
            "netIncomeFromContinuingOperations": "15500000",
            "comprehensiveIncomeNetOfTax": "25899000",
            "ebit": "105103000",
            "ebitda": "153210000",
            "netIncome": "15500000"
        },
        {
            "fiscalDateEnding": "2018-09-30",
            "reportedCurrency": "USD",
            "grossProfit": "400666000",
            "totalRevenue": "907548000",
            "costOfRevenue": "506882000",
            "costofGoodsAndServicesSold": "506882000",
            "operatingIncome": "159268000",
            "sellingGeneralAndAdministrative": "157796000",
            "researchAndDevelopment": "75302000",
            "operatingExpenses": "241398000",
            "investmentIncomeNet": "None",
            "netInterestIncome": "-23914000",
            "interestIncome": "None",
            "interestExpense": "23914000",
            "nonInterestIncome": "-37180000",
            "otherNonOperatingIncome": "4158000",
            "depreciation": "None",
            "depreciationAndAmortization": "9003000",
            "incomeBeforeTax": "100702000",
            "incomeTaxExpense": "4986000",
            "interestAndDebtExpense": "62724000",
            "netIncomeFromContinuingOperations": "95716000",
            "comprehensiveIncomeNetOfTax": "73109000",
            "ebit": "124616000",
            "ebitda": "133619000",
            "netIncome": "95716000"
        },
        {
            "fiscalDateEnding": "2018-06-30",
            "reportedCurrency": "USD",
            "grossProfit": "398717000",
            "totalRevenue": "920016000",
            "costOfRevenue": "521299000",
            "costofGoodsAndServicesSold": "521299000",
            "operatingIncome": "154509000",
            "sellingGeneralAndAdministrative": "157407000",
            "researchAndDevelopment": "74767000",
            "operatingExpenses": "244208000",
            "investmentIncomeNet": "None",
            "netInterestIncome": "-53246000",
            "interestIncome": "None",
            "interestExpense": "53246000",
            "nonInterestIncome": "-1264000",
            "otherNonOperatingIncome": "20655000",
            "depreciation": "None",
            "depreciationAndAmortization": "9584000",
            "incomeBeforeTax": "121918000",
            "incomeTaxExpense": "22769000",
            "interestAndDebtExpense": "53246000",
            "netIncomeFromContinuingOperations": "99149000",
            "comprehensiveIncomeNetOfTax": "27230000",
            "ebit": "175164000",
            "ebitda": "184748000",
            "netIncome": "99149000"
        },
        {
            "fiscalDateEnding": "2018-03-31",
            "reportedCurrency": "USD",
            "grossProfit": "405809000",
            "totalRevenue": "930928000",
            "costOfRevenue": "525119000",
            "costofGoodsAndServicesSold": "525120000",
            "operatingIncome": "174856000",
            "sellingGeneralAndAdministrative": "142644000",
            "researchAndDevelopment": "78476000",
            "operatingExpenses": "217999000",
            "investmentIncomeNet": "None",
            "netInterestIncome": "-16595000",
            "interestIncome": "None",
            "interestExpense": "16595000",
            "nonInterestIncome": "69000",
            "otherNonOperatingIncome": "576000",
            "depreciation": "None",
            "depreciationAndAmortization": "9200000",
            "incomeBeforeTax": "158837000",
            "incomeTaxExpense": "29421000",
            "interestAndDebtExpense": "16595000",
            "netIncomeFromContinuingOperations": "129416000",
            "comprehensiveIncomeNetOfTax": "146319000",
            "ebit": "175432000",
            "ebitda": "184632000",
            "netIncome": "129416000"
        }
    ]
}