{
    "symbol": "INVH",
    "annualReports": [
        {
            "fiscalDateEnding": "2022-12-31",
            "reportedCurrency": "USD",
            "grossProfit": "1258436000",
            "totalRevenue": "2238121000",
            "costOfRevenue": "979685000",
            "costofGoodsAndServicesSold": "874287000",
            "operatingIncome": "1153038000",
            "sellingGeneralAndAdministrative": "74025000",
            "researchAndDevelopment": "None",
            "operatingExpenses": "105398000",
            "investmentIncomeNet": "None",
            "netInterestIncome": "-304092000",
            "interestIncome": "None",
            "interestExpense": "304092000",
            "nonInterestIncome": "-1452000",
            "otherNonOperatingIncome": "-11261000",
            "depreciation": "638114000",
            "depreciationAndAmortization": "2676000",
            "incomeBeforeTax": "383479000",
            "incomeTaxExpense": "150000",
            "interestAndDebtExpense": "304092000",
            "netIncomeFromContinuingOperations": "1222720000",
            "comprehensiveIncomeNetOfTax": "768179000",
            "ebit": "687571000",
            "ebitda": "690247000",
            "netIncome": "383329000"
        },
        {
            "fiscalDateEnding": "2021-12-31",
            "reportedCurrency": "USD",
            "grossProfit": "1131540000",
            "totalRevenue": "1996615000",
            "costOfRevenue": "865075000",
            "costofGoodsAndServicesSold": "777759000",
            "operatingIncome": "1044224000",
            "sellingGeneralAndAdministrative": "75815000",
            "researchAndDevelopment": "None",
            "operatingExpenses": "87316000",
            "investmentIncomeNet": "None",
            "netInterestIncome": "-322661000",
            "interestIncome": "None",
            "interestExpense": "322661000",
            "nonInterestIncome": "-5483000",
            "otherNonOperatingIncome": "-5835000",
            "depreciation": "592135000",
            "depreciationAndAmortization": "2825000",
            "incomeBeforeTax": "261976000",
            "incomeTaxExpense": "551000",
            "interestAndDebtExpense": "322661000",
            "netIncomeFromContinuingOperations": "1092363000",
            "comprehensiveIncomeNetOfTax": "521978000",
            "ebit": "584637000",
            "ebitda": "587462000",
            "netIncome": "261425000"
        },
        {
            "fiscalDateEnding": "2020-12-31",
            "reportedCurrency": "USD",
            "grossProfit": "720586000",
            "totalRevenue": "1822828000",
            "costOfRevenue": "805498000",
            "costofGoodsAndServicesSold": "739156000",
            "operatingIncome": "654244000",
            "sellingGeneralAndAdministrative": "63305000",
            "researchAndDevelopment": "None",
            "operatingExpenses": "66342000",
            "investmentIncomeNet": "None",
            "netInterestIncome": "-353923000",
            "interestIncome": "None",
            "interestExpense": "353923000",
            "nonInterestIncome": "None",
            "otherNonOperatingIncome": "-86000",
            "depreciation": "552530000",
            "depreciationAndAmortization": "2341000",
            "incomeBeforeTax": "197082000",
            "incomeTaxExpense": "870000",
            "interestAndDebtExpense": "353923000",
            "netIncomeFromContinuingOperations": "683610000",
            "comprehensiveIncomeNetOfTax": "-74130000",
            "ebit": "551005000",
            "ebitda": "553346000",
            "netIncome": "196212000"
        },
        {
            "fiscalDateEnding": "2019-12-31",
            "reportedCurrency": "USD",
            "grossProfit": "-437739000",
            "totalRevenue": "1764685000",
            "costOfRevenue": "169599000",
            "costofGoodsAndServicesSold": "61614000",
            "operatingIncome": "-545724000",
            "sellingGeneralAndAdministrative": "74274000",
            "researchAndDevelopment": "None",
            "operatingExpenses": "107985000",
            "investmentIncomeNet": "None",
            "netInterestIncome": "-367173000",
            "interestIncome": "367173000",
            "interestExpense": "367173000",
            "nonInterestIncome": "-126000",
            "otherNonOperatingIncome": "5120000",
            "depreciation": "533719000",
            "depreciationAndAmortization": "10621000",
            "incomeBeforeTax": "147953000",
            "incomeTaxExpense": "2490000",
            "interestAndDebtExpense": "367173000",
            "netIncomeFromContinuingOperations": "-534124000",
            "comprehensiveIncomeNetOfTax": "-115894000",
            "ebit": "515126000",
            "ebitda": "525747000",
            "netIncome": "145463000"
        },
        {
            "fiscalDateEnding": "2018-12-31",
            "reportedCurrency": "USD",
            "grossProfit": "1526636000",
            "totalRevenue": "1722962000",
            "costOfRevenue": "196326000",
            "costofGoodsAndServicesSold": "65485000",
            "operatingIncome": "1395795000",
            "sellingGeneralAndAdministrative": "98764000",
            "researchAndDevelopment": "None",
            "operatingExpenses": "130841000",
            "investmentIncomeNet": "None",
            "netInterestIncome": "-383595000",
            "interestIncome": "383595000",
            "interestExpense": "383595000",
            "nonInterestIncome": "1606904000",
            "otherNonOperatingIncome": "6958000",
            "depreciation": "560541000",
            "depreciationAndAmortization": "11258000",
            "incomeBeforeTax": "-3686000",
            "incomeTaxExpense": "1241000",
            "interestAndDebtExpense": "383595000",
            "netIncomeFromContinuingOperations": "1452435000",
            "comprehensiveIncomeNetOfTax": "-65701000",
            "ebit": "379909000",
            "ebitda": "391167000",
            "netIncome": "-4927000"
        }
    ],
    "quarterlyReports": [
        {
            "fiscalDateEnding": "2022-12-31",
            "reportedCurrency": "USD",
            "grossProfit": "324086000",
            "totalRevenue": "579836000",
            "costOfRevenue": "255750000",
            "costofGoodsAndServicesSold": "232385000",
            "operatingIncome": "300721000",
            "sellingGeneralAndAdministrative": "16921000",
            "researchAndDevelopment": "None",
            "operatingExpenses": "23365000",
            "investmentIncomeNet": "None",
            "netInterestIncome": "-78409000",
            "interestIncome": "None",
            "interestExpense": "78409000",
            "nonInterestIncome": "0",
            "otherNonOperatingIncome": "344000",
            "depreciation": "163318000",
            "depreciationAndAmortization": "621000",
            "incomeBeforeTax": "100487000",
            "incomeTaxExpense": "-85000",
            "interestAndDebtExpense": "78409000",
            "netIncomeFromContinuingOperations": "318627000",
            "comprehensiveIncomeNetOfTax": "106665000",
            "ebit": "178896000",
            "ebitda": "179517000",
            "netIncome": "100572000"
        },
        {
            "fiscalDateEnding": "2022-09-30",
            "reportedCurrency": "USD",
            "grossProfit": "301701000",
            "totalRevenue": "568675000",
            "costOfRevenue": "266974000",
            "costofGoodsAndServicesSold": "226172000",
            "operatingIncome": "260899000",
            "sellingGeneralAndAdministrative": "20123000",
            "researchAndDevelopment": "None",
            "operatingExpenses": "40802000",
            "investmentIncomeNet": "None",
            "netInterestIncome": "-76454000",
            "interestIncome": "None",
            "interestExpense": "76454000",
            "nonInterestIncome": "0",
            "otherNonOperatingIncome": "-8372000",
            "depreciation": "160428000",
            "depreciationAndAmortization": "675000",
            "incomeBeforeTax": "79252000",
            "incomeTaxExpense": "73000",
            "interestAndDebtExpense": "76454000",
            "netIncomeFromContinuingOperations": "275557000",
            "comprehensiveIncomeNetOfTax": "191283000",
            "ebit": "155706000",
            "ebitda": "156381000",
            "netIncome": "79179000"
        },
        {
            "fiscalDateEnding": "2022-06-30",
            "reportedCurrency": "USD",
            "grossProfit": "323414000",
            "totalRevenue": "557300000",
            "costOfRevenue": "233886000",
            "costofGoodsAndServicesSold": "212494000",
            "operatingIncome": "302022000",
            "sellingGeneralAndAdministrative": "19342000",
            "researchAndDevelopment": "None",
            "operatingExpenses": "21392000",
            "investmentIncomeNet": "None",
            "netInterestIncome": "-74840000",
            "interestIncome": "None",
            "interestExpense": "74840000",
            "nonInterestIncome": "0",
            "otherNonOperatingIncome": "-3827000",
            "depreciation": "158572000",
            "depreciationAndAmortization": "695000",
            "incomeBeforeTax": "111046000",
            "incomeTaxExpense": "83000",
            "interestAndDebtExpense": "74840000",
            "netIncomeFromContinuingOperations": "322919000",
            "comprehensiveIncomeNetOfTax": "171212000",
            "ebit": "185886000",
            "ebitda": "186581000",
            "netIncome": "110963000"
        },
        {
            "fiscalDateEnding": "2022-03-31",
            "reportedCurrency": "USD",
            "grossProfit": "309235000",
            "totalRevenue": "532310000",
            "costOfRevenue": "223075000",
            "costofGoodsAndServicesSold": "203236000",
            "operatingIncome": "289396000",
            "sellingGeneralAndAdministrative": "17639000",
            "researchAndDevelopment": "None",
            "operatingExpenses": "19839000",
            "investmentIncomeNet": "None",
            "netInterestIncome": "-74389000",
            "interestIncome": "None",
            "interestExpense": "74389000",
            "nonInterestIncome": "-1452000",
            "otherNonOperatingIncome": "594000",
            "depreciation": "155796000",
            "depreciationAndAmortization": "685000",
            "incomeBeforeTax": "92694000",
            "incomeTaxExpense": "79000",
            "interestAndDebtExpense": "74389000",
            "netIncomeFromContinuingOperations": "304037000",
            "comprehensiveIncomeNetOfTax": "299019000",
            "ebit": "167083000",
            "ebitda": "167768000",
            "netIncome": "92615000"
        },
        {
            "fiscalDateEnding": "2021-12-31",
            "reportedCurrency": "USD",
            "grossProfit": "298745000",
            "totalRevenue": "520225000",
            "costOfRevenue": "221480000",
            "costofGoodsAndServicesSold": "198056000",
            "operatingIncome": "275321000",
            "sellingGeneralAndAdministrative": "19668000",
            "researchAndDevelopment": "None",
            "operatingExpenses": "23424000",
            "investmentIncomeNet": "None",
            "netInterestIncome": "-79121000",
            "interestIncome": "None",
            "interestExpense": "79121000",
            "nonInterestIncome": "-21544000",
            "otherNonOperatingIncome": "-2654000",
            "depreciation": "151660000",
            "depreciationAndAmortization": "710000",
            "incomeBeforeTax": "74630000",
            "incomeTaxExpense": "87000",
            "interestAndDebtExpense": "79121000",
            "netIncomeFromContinuingOperations": "302975000",
            "comprehensiveIncomeNetOfTax": "166033000",
            "ebit": "153751000",
            "ebitda": "154461000",
            "netIncome": "74543000"
        },
        {
            "fiscalDateEnding": "2021-09-30",
            "reportedCurrency": "USD",
            "grossProfit": "282800000",
            "totalRevenue": "509532000",
            "costOfRevenue": "226732000",
            "costofGoodsAndServicesSold": "202370000",
            "operatingIncome": "258438000",
            "sellingGeneralAndAdministrative": "19369000",
            "researchAndDevelopment": "None",
            "operatingExpenses": "24362000",
            "investmentIncomeNet": "None",
            "netInterestIncome": "-79370000",
            "interestIncome": "None",
            "interestExpense": "79370000",
            "nonInterestIncome": "14173000",
            "otherNonOperatingIncome": "-1508000",
            "depreciation": "150694000",
            "depreciationAndAmortization": "699000",
            "incomeBeforeTax": "69258000",
            "incomeTaxExpense": "81000",
            "interestAndDebtExpense": "79370000",
            "netIncomeFromContinuingOperations": "260244000",
            "comprehensiveIncomeNetOfTax": "104433000",
            "ebit": "148628000",
            "ebitda": "149327000",
            "netIncome": "69177000"
        },
        {
            "fiscalDateEnding": "2021-06-30",
            "reportedCurrency": "USD",
            "grossProfit": "276995000",
            "totalRevenue": "491633000",
            "costOfRevenue": "214638000",
            "costofGoodsAndServicesSold": "193118000",
            "operatingIncome": "255475000",
            "sellingGeneralAndAdministrative": "19828000",
            "researchAndDevelopment": "None",
            "operatingExpenses": "21520000",
            "investmentIncomeNet": "None",
            "netInterestIncome": "-80764000",
            "interestIncome": "None",
            "interestExpense": "80764000",
            "nonInterestIncome": "1888000",
            "otherNonOperatingIncome": "-1903000",
            "depreciation": "145280000",
            "depreciationAndAmortization": "712000",
            "incomeBeforeTax": "60480000",
            "incomeTaxExpense": "142000",
            "interestAndDebtExpense": "80764000",
            "netIncomeFromContinuingOperations": "262470000",
            "comprehensiveIncomeNetOfTax": "77161000",
            "ebit": "141244000",
            "ebitda": "141956000",
            "netIncome": "60338000"
        },
        {
            "fiscalDateEnding": "2021-03-31",
            "reportedCurrency": "USD",
            "grossProfit": "273000000",
            "totalRevenue": "475225000",
            "costOfRevenue": "202225000",
            "costofGoodsAndServicesSold": "184215000",
            "operatingIncome": "254990000",
            "sellingGeneralAndAdministrative": "16950000",
            "researchAndDevelopment": "None",
            "operatingExpenses": "18010000",
            "investmentIncomeNet": "None",
            "netInterestIncome": "-83406000",
            "interestIncome": "None",
            "interestExpense": "83406000",
            "nonInterestIncome": "0",
            "otherNonOperatingIncome": "230000",
            "depreciation": "144501000",
            "depreciationAndAmortization": "704000",
            "incomeBeforeTax": "57608000",
            "incomeTaxExpense": "241000",
            "interestAndDebtExpense": "83406000",
            "netIncomeFromContinuingOperations": "266674000",
            "comprehensiveIncomeNetOfTax": "174351000",
            "ebit": "141014000",
            "ebitda": "141718000",
            "netIncome": "57367000"
        },
        {
            "fiscalDateEnding": "2020-12-31",
            "reportedCurrency": "USD",
            "grossProfit": "185545000",
            "totalRevenue": "464100000",
            "costOfRevenue": "196934000",
            "costofGoodsAndServicesSold": "183516000",
            "operatingIncome": "172127000",
            "sellingGeneralAndAdministrative": "16679000",
            "researchAndDevelopment": "None",
            "operatingExpenses": "13418000",
            "investmentIncomeNet": "None",
            "netInterestIncome": "-95382000",
            "interestIncome": "None",
            "interestExpense": "95382000",
            "nonInterestIncome": "None",
            "otherNonOperatingIncome": "-2087000",
            "depreciation": "142090000",
            "depreciationAndAmortization": "713000",
            "incomeBeforeTax": "70847000",
            "incomeTaxExpense": "148000",
            "interestAndDebtExpense": "95382000",
            "netIncomeFromContinuingOperations": "-148000",
            "comprehensiveIncomeNetOfTax": "122723000",
            "ebit": "166229000",
            "ebitda": "166942000",
            "netIncome": "70699000"
        },
        {
            "fiscalDateEnding": "2020-09-30",
            "reportedCurrency": "USD",
            "grossProfit": "173990000",
            "totalRevenue": "459184000",
            "costOfRevenue": "213223000",
            "costofGoodsAndServicesSold": "192821000",
            "operatingIncome": "153588000",
            "sellingGeneralAndAdministrative": "17972000",
            "researchAndDevelopment": "None",
            "operatingExpenses": "20402000",
            "investmentIncomeNet": "None",
            "netInterestIncome": "-87713000",
            "interestIncome": "None",
            "interestExpense": "87713000",
            "nonInterestIncome": "None",
            "otherNonOperatingIncome": "-3049000",
            "depreciation": "138147000",
            "depreciationAndAmortization": "707000",
            "incomeBeforeTax": "32947000",
            "incomeTaxExpense": "293000",
            "interestAndDebtExpense": "87713000",
            "netIncomeFromContinuingOperations": "150246000",
            "comprehensiveIncomeNetOfTax": "65836000",
            "ebit": "120660000",
            "ebitda": "121367000",
            "netIncome": "32654000"
        },
        {
            "fiscalDateEnding": "2020-06-30",
            "reportedCurrency": "USD",
            "grossProfit": "178990000",
            "totalRevenue": "449755000",
            "costOfRevenue": "196490000",
            "costofGoodsAndServicesSold": "181531000",
            "operatingIncome": "164031000",
            "sellingGeneralAndAdministrative": "14426000",
            "researchAndDevelopment": "None",
            "operatingExpenses": "14959000",
            "investmentIncomeNet": "None",
            "netInterestIncome": "-86071000",
            "interestIncome": "None",
            "interestExpense": "86071000",
            "nonInterestIncome": "None",
            "otherNonOperatingIncome": "1370000",
            "depreciation": "137266000",
            "depreciationAndAmortization": "713000",
            "incomeBeforeTax": "43202000",
            "incomeTaxExpense": "299000",
            "interestAndDebtExpense": "86071000",
            "netIncomeFromContinuingOperations": "165102000",
            "comprehensiveIncomeNetOfTax": "18157000",
            "ebit": "129273000",
            "ebitda": "129986000",
            "netIncome": "42903000"
        },
        {
            "fiscalDateEnding": "2020-03-31",
            "reportedCurrency": "USD",
            "grossProfit": "-103460000",
            "totalRevenue": "449789000",
            "costOfRevenue": "34583000",
            "costofGoodsAndServicesSold": "14372000",
            "operatingIncome": "-123671000",
            "sellingGeneralAndAdministrative": "14228000",
            "researchAndDevelopment": "None",
            "operatingExpenses": "20211000",
            "investmentIncomeNet": "None",
            "netInterestIncome": "-84757000",
            "interestIncome": "84757000",
            "interestExpense": "84757000",
            "nonInterestIncome": "None",
            "otherNonOperatingIncome": "3680000",
            "depreciation": "135027000",
            "depreciationAndAmortization": "2856000",
            "incomeBeforeTax": "50086000",
            "incomeTaxExpense": "130000",
            "interestAndDebtExpense": "84757000",
            "netIncomeFromContinuingOperations": "-119957000",
            "comprehensiveIncomeNetOfTax": "-280846000",
            "ebit": "134843000",
            "ebitda": "137699000",
            "netIncome": "49956000"
        },
        {
            "fiscalDateEnding": "2019-12-31",
            "reportedCurrency": "USD",
            "grossProfit": "444277000",
            "totalRevenue": "444277000",
            "costOfRevenue": "44136000",
            "costofGoodsAndServicesSold": "14561000",
            "operatingIncome": "444277000",
            "sellingGeneralAndAdministrative": "15375000",
            "researchAndDevelopment": "None",
            "operatingExpenses": "29575000",
            "investmentIncomeNet": "None",
            "netInterestIncome": "-88417000",
            "interestIncome": "88417000",
            "interestExpense": "88417000",
            "nonInterestIncome": "None",
            "otherNonOperatingIncome": "-3350000",
            "depreciation": "133764000",
            "depreciationAndAmortization": "2913000",
            "incomeBeforeTax": "52301000",
            "incomeTaxExpense": "309000",
            "interestAndDebtExpense": "88417000",
            "netIncomeFromContinuingOperations": "444277000",
            "comprehensiveIncomeNetOfTax": "117817000",
            "ebit": "140718000",
            "ebitda": "143631000",
            "netIncome": "51992000"
        },
        {
            "fiscalDateEnding": "2019-09-30",
            "reportedCurrency": "USD",
            "grossProfit": "-104576000",
            "totalRevenue": "443326000",
            "costOfRevenue": "37017000",
            "costofGoodsAndServicesSold": "15872000",
            "operatingIncome": "-125721000",
            "sellingGeneralAndAdministrative": "16405000",
            "researchAndDevelopment": "None",
            "operatingExpenses": "21145000",
            "investmentIncomeNet": "None",
            "netInterestIncome": "-89067000",
            "interestIncome": "89067000",
            "interestExpense": "89067000",
            "nonInterestIncome": "None",
            "otherNonOperatingIncome": "4735000",
            "depreciation": "133315000",
            "depreciationAndAmortization": "137000",
            "incomeBeforeTax": "34283000",
            "incomeTaxExpense": "576000",
            "interestAndDebtExpense": "89067000",
            "netIncomeFromContinuingOperations": "-120986000",
            "comprehensiveIncomeNetOfTax": "-41647000",
            "ebit": "123350000",
            "ebitda": "123487000",
            "netIncome": "33707000"
        },
        {
            "fiscalDateEnding": "2019-06-30",
            "reportedCurrency": "USD",
            "grossProfit": "-102469000",
            "totalRevenue": "441582000",
            "costOfRevenue": "33648000",
            "costofGoodsAndServicesSold": "16021000",
            "operatingIncome": "-120096000",
            "sellingGeneralAndAdministrative": "15956000",
            "researchAndDevelopment": "None",
            "operatingExpenses": "17627000",
            "investmentIncomeNet": "None",
            "netInterestIncome": "-95706000",
            "interestIncome": "95706000",
            "interestExpense": "95706000",
            "nonInterestIncome": "None",
            "otherNonOperatingIncome": "610000",
            "depreciation": "133031000",
            "depreciationAndAmortization": "129000",
            "incomeBeforeTax": "39786000",
            "incomeTaxExpense": "844000",
            "interestAndDebtExpense": "95706000",
            "netIncomeFromContinuingOperations": "-119486000",
            "comprehensiveIncomeNetOfTax": "-115773000",
            "ebit": "135492000",
            "ebitda": "135621000",
            "netIncome": "38942000"
        },
        {
            "fiscalDateEnding": "2019-03-31",
            "reportedCurrency": "USD",
            "grossProfit": "-126849000",
            "totalRevenue": "435500000",
            "costOfRevenue": "49669000",
            "costofGoodsAndServicesSold": "15160000",
            "operatingIncome": "-161358000",
            "sellingGeneralAndAdministrative": "26538000",
            "researchAndDevelopment": "None",
            "operatingExpenses": "34509000",
            "investmentIncomeNet": "None",
            "netInterestIncome": "-93983000",
            "interestIncome": "93983000",
            "interestExpense": "93983000",
            "nonInterestIncome": "-33000",
            "otherNonOperatingIncome": "3125000",
            "depreciation": "133609000",
            "depreciationAndAmortization": "2579000",
            "incomeBeforeTax": "21583000",
            "incomeTaxExpense": "761000",
            "interestAndDebtExpense": "93983000",
            "netIncomeFromContinuingOperations": "-158233000",
            "comprehensiveIncomeNetOfTax": "-76291000",
            "ebit": "115566000",
            "ebitda": "118145000",
            "netIncome": "20822000"
        },
        {
            "fiscalDateEnding": "2018-12-31",
            "reportedCurrency": "USD",
            "grossProfit": "432616000",
            "totalRevenue": "432616000",
            "costOfRevenue": "52673000",
            "costofGoodsAndServicesSold": "17281000",
            "operatingIncome": "432616000",
            "sellingGeneralAndAdministrative": "25340000",
            "researchAndDevelopment": "None",
            "operatingExpenses": "-930795000",
            "investmentIncomeNet": "None",
            "netInterestIncome": "-96506000",
            "interestIncome": "None",
            "interestExpense": "96506000",
            "nonInterestIncome": "316913000",
            "otherNonOperatingIncome": "261000",
            "depreciation": "130220000",
            "depreciationAndAmortization": "2709000",
            "incomeBeforeTax": "46669000",
            "incomeTaxExpense": "None",
            "interestAndDebtExpense": "96506000",
            "netIncomeFromContinuingOperations": "432616000",
            "comprehensiveIncomeNetOfTax": "-139581000",
            "ebit": "432616000",
            "ebitda": "435325000",
            "netIncome": "25268000"
        },
        {
            "fiscalDateEnding": "2018-09-30",
            "reportedCurrency": "USD",
            "grossProfit": "393155000",
            "totalRevenue": "434251000",
            "costOfRevenue": "41096000",
            "costofGoodsAndServicesSold": "16692000",
            "operatingIncome": "83763000",
            "sellingGeneralAndAdministrative": "21152000",
            "researchAndDevelopment": "None",
            "operatingExpenses": "350488000",
            "investmentIncomeNet": "None",
            "netInterestIncome": "-97564000",
            "interestIncome": "None",
            "interestExpense": "97564000",
            "nonInterestIncome": "434241000",
            "otherNonOperatingIncome": "3330000",
            "depreciation": "139371000",
            "depreciationAndAmortization": "2716000",
            "incomeBeforeTax": "-10471000",
            "incomeTaxExpense": "None",
            "interestAndDebtExpense": "97564000",
            "netIncomeFromContinuingOperations": "98605000",
            "comprehensiveIncomeNetOfTax": "33952000",
            "ebit": "83763000",
            "ebitda": "86479000",
            "netIncome": "1020000"
        },
        {
            "fiscalDateEnding": "2018-06-30",
            "reportedCurrency": "USD",
            "grossProfit": "389339000",
            "totalRevenue": "432426000",
            "costOfRevenue": "43087000",
            "costofGoodsAndServicesSold": "14348000",
            "operatingIncome": "77466000",
            "sellingGeneralAndAdministrative": "24636000",
            "researchAndDevelopment": "None",
            "operatingExpenses": "354960000",
            "investmentIncomeNet": "None",
            "netInterestIncome": "-97226000",
            "interestIncome": "None",
            "interestExpense": "97226000",
            "nonInterestIncome": "431828000",
            "otherNonOperatingIncome": "1631000",
            "depreciation": "146450000",
            "depreciationAndAmortization": "2989000",
            "incomeBeforeTax": "-18129000",
            "incomeTaxExpense": "None",
            "interestAndDebtExpense": "97226000",
            "netIncomeFromContinuingOperations": "-18129000",
            "comprehensiveIncomeNetOfTax": "-1910000",
            "ebit": "77466000",
            "ebitda": "80455000",
            "netIncome": "-13946000"
        },
        {
            "fiscalDateEnding": "2018-03-31",
            "reportedCurrency": "USD",
            "grossProfit": "909382000",
            "totalRevenue": "423669000",
            "costOfRevenue": "214532000",
            "costofGoodsAndServicesSold": "177931000",
            "operatingIncome": "67481000",
            "sellingGeneralAndAdministrative": "27636000",
            "researchAndDevelopment": "None",
            "operatingExpenses": "356188000",
            "investmentIncomeNet": "None",
            "netInterestIncome": "-92299000",
            "interestIncome": "None",
            "interestExpense": "92299000",
            "nonInterestIncome": "396045000",
            "otherNonOperatingIncome": "1736000",
            "depreciation": "144500000",
            "depreciationAndAmortization": "2844000",
            "incomeBeforeTax": "-23082000",
            "incomeTaxExpense": "None",
            "interestAndDebtExpense": "92299000",
            "netIncomeFromContinuingOperations": "-23082000",
            "comprehensiveIncomeNetOfTax": "41838000",
            "ebit": "67481000",
            "ebitda": "70325000",
            "netIncome": "-17269000"
        }
    ]
}