{
    "symbol": "KLAC",
    "annualReports": [
        {
            "fiscalDateEnding": "2022-06-30",
            "reportedCurrency": "USD",
            "grossProfit": "5457206000",
            "totalRevenue": "9049647000",
            "costOfRevenue": "3592441000",
            "costofGoodsAndServicesSold": "3592441000",
            "operatingIncome": "3261847000",
            "sellingGeneralAndAdministrative": "860007000",
            "researchAndDevelopment": "1105254000",
            "operatingExpenses": "2195359000",
            "investmentIncomeNet": "8695000",
            "netInterestIncome": "-160339000",
            "interestIncome": "8695000",
            "interestExpense": "160339000",
            "nonInterestIncome": "9207958000",
            "otherNonOperatingIncome": "-4605000",
            "depreciation": "122200000",
            "depreciationAndAmortization": "229098000",
            "incomeBeforeTax": "3488984000",
            "incomeTaxExpense": "167177000",
            "interestAndDebtExpense": "160339000",
            "netIncomeFromContinuingOperations": "3322060000",
            "comprehensiveIncomeNetOfTax": "3369893000",
            "ebit": "3649323000",
            "ebitda": "3878421000",
            "netIncome": "3321807000"
        },
        {
            "fiscalDateEnding": "2021-06-30",
            "reportedCurrency": "USD",
            "grossProfit": "4146569000",
            "totalRevenue": "6918734000",
            "costOfRevenue": "2772165000",
            "costofGoodsAndServicesSold": "2772165000",
            "operatingIncome": "2113446000",
            "sellingGeneralAndAdministrative": "729602000",
            "researchAndDevelopment": "928487000",
            "operatingExpenses": "1872319000",
            "investmentIncomeNet": "8929000",
            "netInterestIncome": "-157328000",
            "interestIncome": "8929000",
            "interestExpense": "157328000",
            "nonInterestIncome": "6918151000",
            "otherNonOperatingIncome": "29302000",
            "depreciation": "111100000",
            "depreciationAndAmortization": "206252000",
            "incomeBeforeTax": "2361393000",
            "incomeTaxExpense": "283101000",
            "interestAndDebtExpense": "157328000",
            "netIncomeFromContinuingOperations": "2077353000",
            "comprehensiveIncomeNetOfTax": "2082509000",
            "ebit": "2518721000",
            "ebitda": "2724973000",
            "netIncome": "2078292000"
        },
        {
            "fiscalDateEnding": "2020-06-30",
            "reportedCurrency": "USD",
            "grossProfit": "3356863000",
            "totalRevenue": "5806424000",
            "costOfRevenue": "2449561000",
            "costofGoodsAndServicesSold": "2449561000",
            "operatingIncome": "1051246000",
            "sellingGeneralAndAdministrative": "734149000",
            "researchAndDevelopment": "863864000",
            "operatingExpenses": "2123141000",
            "investmentIncomeNet": "21646000",
            "netInterestIncome": "-160274000",
            "interestIncome": "21646000",
            "interestExpense": "160274000",
            "nonInterestIncome": "5779688000",
            "otherNonOperatingIncome": "-2678000",
            "depreciation": "101400000",
            "depreciationAndAmortization": "220579000",
            "incomeBeforeTax": "1318471000",
            "incomeTaxExpense": "101686000",
            "interestAndDebtExpense": "182774000",
            "netIncomeFromContinuingOperations": "1215025000",
            "comprehensiveIncomeNetOfTax": "1210040000",
            "ebit": "1478745000",
            "ebitda": "1699324000",
            "netIncome": "1216785000"
        },
        {
            "fiscalDateEnding": "2019-06-30",
            "reportedCurrency": "USD",
            "grossProfit": "2699527000",
            "totalRevenue": "4568904000",
            "costOfRevenue": "1869377000",
            "costofGoodsAndServicesSold": "1869377000",
            "operatingIncome": "1178807000",
            "sellingGeneralAndAdministrative": "599124000",
            "researchAndDevelopment": "711030000",
            "operatingExpenses": "1397546000",
            "investmentIncomeNet": "40367000",
            "netInterestIncome": "-124604000",
            "interestIncome": "40367000",
            "interestExpense": "124604000",
            "nonInterestIncome": "4569226000",
            "otherNonOperatingIncome": "31462000",
            "depreciation": "72600000",
            "depreciationAndAmortization": "87392000",
            "incomeBeforeTax": "1296831000",
            "incomeTaxExpense": "121214000",
            "interestAndDebtExpense": "124604000",
            "netIncomeFromContinuingOperations": "1175017000",
            "comprehensiveIncomeNetOfTax": "1167366000",
            "ebit": "1421435000",
            "ebitda": "1508827000",
            "netIncome": "1175617000"
        },
        {
            "fiscalDateEnding": "2018-06-30",
            "reportedCurrency": "USD",
            "grossProfit": "2590660000",
            "totalRevenue": "4036701000",
            "costOfRevenue": "1446041000",
            "costofGoodsAndServicesSold": "1447369000",
            "operatingIncome": "1417510000",
            "sellingGeneralAndAdministrative": "442304000",
            "researchAndDevelopment": "608531000",
            "operatingExpenses": "1056738000",
            "investmentIncomeNet": "36869000",
            "netInterestIncome": "-114376000",
            "interestIncome": "36869000",
            "interestExpense": "114376000",
            "nonInterestIncome": "-708000",
            "otherNonOperatingIncome": "30482000",
            "depreciation": "53300000",
            "depreciationAndAmortization": "4600000",
            "incomeBeforeTax": "1455931000",
            "incomeTaxExpense": "653666000",
            "interestAndDebtExpense": "114376000",
            "netIncomeFromContinuingOperations": "802265000",
            "comprehensiveIncomeNetOfTax": "799655000",
            "ebit": "1570307000",
            "ebitda": "1574907000",
            "netIncome": "802265000"
        }
    ],
    "quarterlyReports": [
        {
            "fiscalDateEnding": "2022-12-31",
            "reportedCurrency": "USD",
            "grossProfit": "1711863000",
            "totalRevenue": "2920649000",
            "costOfRevenue": "1208786000",
            "costofGoodsAndServicesSold": "1208786000",
            "operatingIncome": "1069736000",
            "sellingGeneralAndAdministrative": "243096000",
            "researchAndDevelopment": "332826000",
            "operatingExpenses": "642127000",
            "investmentIncomeNet": "None",
            "netInterestIncome": "-74280000",
            "interestIncome": "None",
            "interestExpense": "74280000",
            "nonInterestIncome": "2983887000",
            "otherNonOperatingIncome": "18074000",
            "depreciation": "None",
            "depreciationAndAmortization": "65605000",
            "incomeBeforeTax": "1142973000",
            "incomeTaxExpense": "164178000",
            "interestAndDebtExpense": "74280000",
            "netIncomeFromContinuingOperations": "978795000",
            "comprehensiveIncomeNetOfTax": "988534000",
            "ebit": "1217253000",
            "ebitda": "1282858000",
            "netIncome": "978795000"
        },
        {
            "fiscalDateEnding": "2022-09-30",
            "reportedCurrency": "USD",
            "grossProfit": "1624178000",
            "totalRevenue": "2665404000",
            "costOfRevenue": "1041226000",
            "costofGoodsAndServicesSold": "1041226000",
            "operatingIncome": "961058000",
            "sellingGeneralAndAdministrative": "253980000",
            "researchAndDevelopment": "318515000",
            "operatingExpenses": "633433000",
            "investmentIncomeNet": "None",
            "netInterestIncome": "-74395000",
            "interestIncome": "None",
            "interestExpense": "74395000",
            "nonInterestIncome": "2739042000",
            "otherNonOperatingIncome": "47006000",
            "depreciation": "None",
            "depreciationAndAmortization": "65225000",
            "incomeBeforeTax": "1069954000",
            "incomeTaxExpense": "43963000",
            "interestAndDebtExpense": "87681000",
            "netIncomeFromContinuingOperations": "1026065000",
            "comprehensiveIncomeNetOfTax": "994621000",
            "ebit": "1144349000",
            "ebitda": "1209574000",
            "netIncome": "1025991000"
        },
        {
            "fiscalDateEnding": "2022-06-30",
            "reportedCurrency": "USD",
            "grossProfit": "1471642000",
            "totalRevenue": "2450206000",
            "costOfRevenue": "978564000",
            "costofGoodsAndServicesSold": "978564000",
            "operatingIncome": "873592000",
            "sellingGeneralAndAdministrative": "236778000",
            "researchAndDevelopment": "296881000",
            "operatingExpenses": "598050000",
            "investmentIncomeNet": "None",
            "netInterestIncome": "-44197000",
            "interestIncome": "None",
            "interestExpense": "44197000",
            "nonInterestIncome": "2497483000",
            "otherNonOperatingIncome": "19380000",
            "depreciation": "None",
            "depreciationAndAmortization": "64291000",
            "incomeBeforeTax": "949675000",
            "incomeTaxExpense": "144301000",
            "interestAndDebtExpense": "44197000",
            "netIncomeFromContinuingOperations": "805398000",
            "comprehensiveIncomeNetOfTax": "849436000",
            "ebit": "993872000",
            "ebitda": "1058163000",
            "netIncome": "805374000"
        },
        {
            "fiscalDateEnding": "2022-03-31",
            "reportedCurrency": "USD",
            "grossProfit": "1361092000",
            "totalRevenue": "2253183000",
            "costOfRevenue": "892091000",
            "costofGoodsAndServicesSold": "892091000",
            "operatingIncome": "801695000",
            "sellingGeneralAndAdministrative": "216489000",
            "researchAndDevelopment": "285189000",
            "operatingExpenses": "559397000",
            "investmentIncomeNet": "None",
            "netInterestIncome": "-39978000",
            "interestIncome": "None",
            "interestExpense": "39978000",
            "nonInterestIncome": "2288676000",
            "otherNonOperatingIncome": "-8644000",
            "depreciation": "None",
            "depreciationAndAmortization": "57719000",
            "incomeBeforeTax": "846197000",
            "incomeTaxExpense": "115625000",
            "interestAndDebtExpense": "39978000",
            "netIncomeFromContinuingOperations": "730660000",
            "comprehensiveIncomeNetOfTax": "735518000",
            "ebit": "886175000",
            "ebitda": "943894000",
            "netIncome": "730572000"
        },
        {
            "fiscalDateEnding": "2021-12-31",
            "reportedCurrency": "USD",
            "grossProfit": "1406880000",
            "totalRevenue": "2315042000",
            "costOfRevenue": "908162000",
            "costofGoodsAndServicesSold": "908162000",
            "operatingIncome": "874326000",
            "sellingGeneralAndAdministrative": "213479000",
            "researchAndDevelopment": "265031000",
            "operatingExpenses": "532554000",
            "investmentIncomeNet": "None",
            "netInterestIncome": "-37852000",
            "interestIncome": "None",
            "interestExpense": "37852000",
            "nonInterestIncome": "2352630000",
            "otherNonOperatingIncome": "-1201000",
            "depreciation": "None",
            "depreciationAndAmortization": "53544000",
            "incomeBeforeTax": "926832000",
            "incomeTaxExpense": "209388000",
            "interestAndDebtExpense": "37852000",
            "netIncomeFromContinuingOperations": "717517000",
            "comprehensiveIncomeNetOfTax": "719009000",
            "ebit": "964684000",
            "ebitda": "1018228000",
            "netIncome": "717444000"
        },
        {
            "fiscalDateEnding": "2021-09-30",
            "reportedCurrency": "USD",
            "grossProfit": "1216342000",
            "totalRevenue": "2029966000",
            "costOfRevenue": "813624000",
            "costofGoodsAndServicesSold": "813624000",
            "operatingIncome": "710884000",
            "sellingGeneralAndAdministrative": "193261000",
            "researchAndDevelopment": "258153000",
            "operatingExpenses": "505458000",
            "investmentIncomeNet": "None",
            "netInterestIncome": "-38312000",
            "interestIncome": "None",
            "interestExpense": "38312000",
            "nonInterestIncome": "2068199000",
            "otherNonOperatingIncome": "-14140000",
            "depreciation": "None",
            "depreciationAndAmortization": "53544000",
            "incomeBeforeTax": "766280000",
            "incomeTaxExpense": "-302137000",
            "interestAndDebtExpense": "38312000",
            "netIncomeFromContinuingOperations": "1068485000",
            "comprehensiveIncomeNetOfTax": "1065930000",
            "ebit": "804592000",
            "ebitda": "858136000",
            "netIncome": "1068417000"
        },
        {
            "fiscalDateEnding": "2021-06-30",
            "reportedCurrency": "USD",
            "grossProfit": "1153230000",
            "totalRevenue": "1925471000",
            "costOfRevenue": "772241000",
            "costofGoodsAndServicesSold": "772241000",
            "operatingIncome": "1153230000",
            "sellingGeneralAndAdministrative": "192022000",
            "researchAndDevelopment": "241428000",
            "operatingExpenses": "487028000",
            "investmentIncomeNet": "None",
            "netInterestIncome": "-39970000",
            "interestIncome": "None",
            "interestExpense": "39970000",
            "nonInterestIncome": "1925471000",
            "otherNonOperatingIncome": "29033000",
            "depreciation": "None",
            "depreciationAndAmortization": "52278000",
            "incomeBeforeTax": "708763000",
            "incomeTaxExpense": "75785000",
            "interestAndDebtExpense": "39970000",
            "netIncomeFromContinuingOperations": "1153230000",
            "comprehensiveIncomeNetOfTax": "627894000",
            "ebit": "748733000",
            "ebitda": "801011000",
            "netIncome": "632978000"
        },
        {
            "fiscalDateEnding": "2021-03-31",
            "reportedCurrency": "USD",
            "grossProfit": "1094144000",
            "totalRevenue": "1803773000",
            "costOfRevenue": "709629000",
            "costofGoodsAndServicesSold": "709629000",
            "operatingIncome": "578168000",
            "sellingGeneralAndAdministrative": "183040000",
            "researchAndDevelopment": "238957000",
            "operatingExpenses": "477301000",
            "investmentIncomeNet": "None",
            "netInterestIncome": "-39092000",
            "interestIncome": "None",
            "interestExpense": "39092000",
            "nonInterestIncome": "1803773000",
            "otherNonOperatingIncome": "7348000",
            "depreciation": "None",
            "depreciationAndAmortization": "52404000",
            "incomeBeforeTax": "640729000",
            "incomeTaxExpense": "73233000",
            "interestAndDebtExpense": "39092000",
            "netIncomeFromContinuingOperations": "567170000",
            "comprehensiveIncomeNetOfTax": "569727000",
            "ebit": "679821000",
            "ebitda": "732225000",
            "netIncome": "567496000"
        },
        {
            "fiscalDateEnding": "2020-12-31",
            "reportedCurrency": "USD",
            "grossProfit": "981137000",
            "totalRevenue": "1650870000",
            "costOfRevenue": "669733000",
            "costofGoodsAndServicesSold": "669733000",
            "operatingIncome": "475938000",
            "sellingGeneralAndAdministrative": "181909000",
            "researchAndDevelopment": "229064000",
            "operatingExpenses": "466643000",
            "investmentIncomeNet": "None",
            "netInterestIncome": "-38880000",
            "interestIncome": "None",
            "interestExpense": "38880000",
            "nonInterestIncome": "1650870000",
            "otherNonOperatingIncome": "-3882000",
            "depreciation": "None",
            "depreciationAndAmortization": "51070000",
            "incomeBeforeTax": "527670000",
            "incomeTaxExpense": "70419000",
            "interestAndDebtExpense": "38880000",
            "netIncomeFromContinuingOperations": "456983000",
            "comprehensiveIncomeNetOfTax": "463993000",
            "ebit": "566550000",
            "ebitda": "617620000",
            "netIncome": "457251000"
        },
        {
            "fiscalDateEnding": "2020-09-30",
            "reportedCurrency": "USD",
            "grossProfit": "918058000",
            "totalRevenue": "1538620000",
            "costOfRevenue": "620562000",
            "costofGoodsAndServicesSold": "620562000",
            "operatingIncome": "446468000",
            "sellingGeneralAndAdministrative": "172631000",
            "researchAndDevelopment": "219038000",
            "operatingExpenses": "445669000",
            "investmentIncomeNet": "None",
            "netInterestIncome": "-39386000",
            "interestIncome": "None",
            "interestExpense": "39386000",
            "nonInterestIncome": "1551527000",
            "otherNonOperatingIncome": "-3197000",
            "depreciation": "None",
            "depreciationAndAmortization": "50500000",
            "incomeBeforeTax": "484231000",
            "incomeTaxExpense": "63664000",
            "interestAndDebtExpense": "39386000",
            "netIncomeFromContinuingOperations": "420142000",
            "comprehensiveIncomeNetOfTax": "420895000",
            "ebit": "523617000",
            "ebitda": "574117000",
            "netIncome": "420567000"
        },
        {
            "fiscalDateEnding": "2020-06-30",
            "reportedCurrency": "USD",
            "grossProfit": "838049000",
            "totalRevenue": "1459593000",
            "costOfRevenue": "621544000",
            "costofGoodsAndServicesSold": "621544000",
            "operatingIncome": "838049000",
            "sellingGeneralAndAdministrative": "167791000",
            "researchAndDevelopment": "217100000",
            "operatingExpenses": "477605000",
            "investmentIncomeNet": "None",
            "netInterestIncome": "-40221000",
            "interestIncome": "None",
            "interestExpense": "40221000",
            "nonInterestIncome": "1459593000",
            "otherNonOperatingIncome": "-7868000",
            "depreciation": "None",
            "depreciationAndAmortization": "51314000",
            "incomeBeforeTax": "406007000",
            "incomeTaxExpense": "-5246000",
            "interestAndDebtExpense": "40183000",
            "netIncomeFromContinuingOperations": "838049000",
            "comprehensiveIncomeNetOfTax": "419773000",
            "ebit": "446228000",
            "ebitda": "497542000",
            "netIncome": "411253000"
        },
        {
            "fiscalDateEnding": "2020-03-31",
            "reportedCurrency": "USD",
            "grossProfit": "833806000",
            "totalRevenue": "1423964000",
            "costOfRevenue": "590158000",
            "costofGoodsAndServicesSold": "590158000",
            "operatingIncome": "55966000",
            "sellingGeneralAndAdministrative": "185760000",
            "researchAndDevelopment": "215433000",
            "operatingExpenses": "716147000",
            "investmentIncomeNet": "None",
            "netInterestIncome": "-39231000",
            "interestIncome": "39231000",
            "interestExpense": "39231000",
            "nonInterestIncome": "1401426000",
            "otherNonOperatingIncome": "1004000",
            "depreciation": "None",
            "depreciationAndAmortization": "54605000",
            "incomeBeforeTax": "115642000",
            "incomeTaxExpense": "37190000",
            "interestAndDebtExpense": "61769000",
            "netIncomeFromContinuingOperations": "78009000",
            "comprehensiveIncomeNetOfTax": "56916000",
            "ebit": "154873000",
            "ebitda": "209478000",
            "netIncome": "78452000"
        },
        {
            "fiscalDateEnding": "2019-12-31",
            "reportedCurrency": "USD",
            "grossProfit": "875835000",
            "totalRevenue": "1509453000",
            "costOfRevenue": "633618000",
            "costofGoodsAndServicesSold": "633618000",
            "operatingIncome": "365701000",
            "sellingGeneralAndAdministrative": "192253000",
            "researchAndDevelopment": "220751000",
            "operatingExpenses": "472456000",
            "investmentIncomeNet": "None",
            "netInterestIncome": "-40472000",
            "interestIncome": "40472000",
            "interestExpense": "40472000",
            "nonInterestIncome": "1509453000",
            "otherNonOperatingIncome": "2568000",
            "depreciation": "None",
            "depreciationAndAmortization": "56752000",
            "incomeBeforeTax": "425177000",
            "incomeTaxExpense": "44622000",
            "interestAndDebtExpense": "40472000",
            "netIncomeFromContinuingOperations": "380305000",
            "comprehensiveIncomeNetOfTax": "385652000",
            "ebit": "465649000",
            "ebitda": "522401000",
            "netIncome": "380555000"
        },
        {
            "fiscalDateEnding": "2019-09-30",
            "reportedCurrency": "USD",
            "grossProfit": "809173000",
            "totalRevenue": "1413414000",
            "costOfRevenue": "604241000",
            "costofGoodsAndServicesSold": "604241000",
            "operatingIncome": "300237000",
            "sellingGeneralAndAdministrative": "188345000",
            "researchAndDevelopment": "210580000",
            "operatingExpenses": "456833000",
            "investmentIncomeNet": "None",
            "netInterestIncome": "-40350000",
            "interestIncome": "40350000",
            "interestExpense": "40350000",
            "nonInterestIncome": "1400620000",
            "otherNonOperatingIncome": "1618000",
            "depreciation": "None",
            "depreciationAndAmortization": "57908000",
            "incomeBeforeTax": "371645000",
            "incomeTaxExpense": "25120000",
            "interestAndDebtExpense": "40350000",
            "netIncomeFromContinuingOperations": "346396000",
            "comprehensiveIncomeNetOfTax": "347699000",
            "ebit": "411995000",
            "ebitda": "469903000",
            "netIncome": "346525000"
        },
        {
            "fiscalDateEnding": "2019-06-30",
            "reportedCurrency": "USD",
            "grossProfit": "665650000",
            "totalRevenue": "1258435000",
            "costOfRevenue": "592785000",
            "costofGoodsAndServicesSold": "592785000",
            "operatingIncome": "665650000",
            "sellingGeneralAndAdministrative": "190040000",
            "researchAndDevelopment": "206710000",
            "operatingExpenses": "455529000",
            "investmentIncomeNet": "None",
            "netInterestIncome": "-40517000",
            "interestIncome": "40467000",
            "interestExpense": "40517000",
            "nonInterestIncome": "1258435000",
            "otherNonOperatingIncome": "None",
            "depreciation": "None",
            "depreciationAndAmortization": "58779000",
            "incomeBeforeTax": "231827000",
            "incomeTaxExpense": "13982000",
            "interestAndDebtExpense": "40517000",
            "netIncomeFromContinuingOperations": "665650000",
            "comprehensiveIncomeNetOfTax": "213723000",
            "ebit": "272344000",
            "ebitda": "331123000",
            "netIncome": "217845000"
        },
        {
            "fiscalDateEnding": "2019-03-31",
            "reportedCurrency": "USD",
            "grossProfit": "610366000",
            "totalRevenue": "1097311000",
            "costOfRevenue": "486945000",
            "costofGoodsAndServicesSold": "486945000",
            "operatingIncome": "188212000",
            "sellingGeneralAndAdministrative": "182184000",
            "researchAndDevelopment": "184887000",
            "operatingExpenses": "392939000",
            "investmentIncomeNet": "None",
            "netInterestIncome": "-31187000",
            "interestIncome": "31224000",
            "interestExpense": "31187000",
            "nonInterestIncome": "1097311000",
            "otherNonOperatingIncome": "9282000",
            "depreciation": "None",
            "depreciationAndAmortization": "25868000",
            "incomeBeforeTax": "221473000",
            "incomeTaxExpense": "28745000",
            "interestAndDebtExpense": "31187000",
            "netIncomeFromContinuingOperations": "192645000",
            "comprehensiveIncomeNetOfTax": "194268000",
            "ebit": "252660000",
            "ebitda": "278528000",
            "netIncome": "192728000"
        },
        {
            "fiscalDateEnding": "2018-12-31",
            "reportedCurrency": "USD",
            "grossProfit": "711638000",
            "totalRevenue": "1119898000",
            "costOfRevenue": "408260000",
            "costofGoodsAndServicesSold": "408260000",
            "operatingIncome": "405446000",
            "sellingGeneralAndAdministrative": "112462000",
            "researchAndDevelopment": "165903000",
            "operatingExpenses": "279665000",
            "investmentIncomeNet": "None",
            "netInterestIncome": "-26538000",
            "interestIncome": "None",
            "interestExpense": "26538000",
            "nonInterestIncome": "1119898000",
            "otherNonOperatingIncome": "9228000",
            "depreciation": "None",
            "depreciationAndAmortization": "1300000",
            "incomeBeforeTax": "415963000",
            "incomeTaxExpense": "46863000",
            "interestAndDebtExpense": "26538000",
            "netIncomeFromContinuingOperations": "369100000",
            "comprehensiveIncomeNetOfTax": "354820000",
            "ebit": "442501000",
            "ebitda": "443801000",
            "netIncome": "369100000"
        },
        {
            "fiscalDateEnding": "2018-09-30",
            "reportedCurrency": "USD",
            "grossProfit": "711873000",
            "totalRevenue": "1093260000",
            "costOfRevenue": "381387000",
            "costofGoodsAndServicesSold": "381387000",
            "operatingIncome": "413140000",
            "sellingGeneralAndAdministrative": "114438000",
            "researchAndDevelopment": "153530000",
            "operatingExpenses": "269368000",
            "investmentIncomeNet": "None",
            "netInterestIncome": "-26362000",
            "interestIncome": "None",
            "interestExpense": "26362000",
            "nonInterestIncome": "1090255000",
            "otherNonOperatingIncome": "None",
            "depreciation": "None",
            "depreciationAndAmortization": "1400000",
            "incomeBeforeTax": "427568000",
            "incomeTaxExpense": "31624000",
            "interestAndDebtExpense": "26362000",
            "netIncomeFromContinuingOperations": "395944000",
            "comprehensiveIncomeNetOfTax": "404555000",
            "ebit": "453930000",
            "ebitda": "455330000",
            "netIncome": "395944000"
        },
        {
            "fiscalDateEnding": "2018-06-30",
            "reportedCurrency": "USD",
            "grossProfit": "692438000",
            "totalRevenue": "1070004000",
            "costOfRevenue": "377566000",
            "costofGoodsAndServicesSold": "377898000",
            "operatingIncome": "692106000",
            "sellingGeneralAndAdministrative": "116370000",
            "researchAndDevelopment": "151905000",
            "operatingExpenses": "269600000",
            "investmentIncomeNet": "None",
            "netInterestIncome": "-28309000",
            "interestIncome": "None",
            "interestExpense": "28309000",
            "nonInterestIncome": "1070004000",
            "otherNonOperatingIncome": "11292000",
            "depreciation": "None",
            "depreciationAndAmortization": "1000000",
            "incomeBeforeTax": "406489000",
            "incomeTaxExpense": "57722000",
            "interestAndDebtExpense": "28309000",
            "netIncomeFromContinuingOperations": "692106000",
            "comprehensiveIncomeNetOfTax": "349111000",
            "ebit": "434798000",
            "ebitda": "435798000",
            "netIncome": "348767000"
        },
        {
            "fiscalDateEnding": "2018-03-31",
            "reportedCurrency": "USD",
            "grossProfit": "652938000",
            "totalRevenue": "1021294000",
            "costOfRevenue": "368356000",
            "costofGoodsAndServicesSold": "368688000",
            "operatingIncome": "356485000",
            "sellingGeneralAndAdministrative": "113237000",
            "researchAndDevelopment": "153239000",
            "operatingExpenses": "268002000",
            "investmentIncomeNet": "None",
            "netInterestIncome": "-28119000",
            "interestIncome": "None",
            "interestExpense": "28119000",
            "nonInterestIncome": "1021294000",
            "otherNonOperatingIncome": "8298000",
            "depreciation": "None",
            "depreciationAndAmortization": "1200000",
            "incomeBeforeTax": "365983000",
            "incomeTaxExpense": "59102000",
            "interestAndDebtExpense": "28119000",
            "netIncomeFromContinuingOperations": "306881000",
            "comprehensiveIncomeNetOfTax": "305126000",
            "ebit": "394102000",
            "ebitda": "395302000",
            "netIncome": "306881000"
        }
    ]
}