{
    "symbol": "LUV",
    "annualReports": [
        {
            "fiscalDateEnding": "2022-12-31",
            "reportedCurrency": "USD",
            "grossProfit": "4778000000",
            "totalRevenue": "23322000000",
            "costOfRevenue": "18544000000",
            "costofGoodsAndServicesSold": "7483000000",
            "operatingIncome": "1017000000",
            "sellingGeneralAndAdministrative": "308000000",
            "researchAndDevelopment": "None",
            "operatingExpenses": "23105000000",
            "investmentIncomeNet": "217000000",
            "netInterestIncome": "-316000000",
            "interestIncome": "88000000",
            "interestExpense": "316000000",
            "nonInterestIncome": "23621000000",
            "otherNonOperatingIncome": "-12000000",
            "depreciation": "None",
            "depreciationAndAmortization": "1351000000",
            "incomeBeforeTax": "728000000",
            "incomeTaxExpense": "189000000",
            "interestAndDebtExpense": "702000000",
            "netIncomeFromContinuingOperations": "539000000",
            "comprehensiveIncomeNetOfTax": "495000000",
            "ebit": "1017000000",
            "ebitda": "2395000000",
            "netIncome": "539000000"
        },
        {
            "fiscalDateEnding": "2021-12-31",
            "reportedCurrency": "USD",
            "grossProfit": "1345000000",
            "totalRevenue": "15381000000",
            "costOfRevenue": "14036000000",
            "costofGoodsAndServicesSold": "4766000000",
            "operatingIncome": "1721000000",
            "sellingGeneralAndAdministrative": "243000000",
            "researchAndDevelopment": "None",
            "operatingExpenses": "14312000000",
            "investmentIncomeNet": "13000000",
            "netInterestIncome": "-450000000",
            "interestIncome": "418000000",
            "interestExpense": "450000000",
            "nonInterestIncome": "15790000000",
            "otherNonOperatingIncome": "50000000",
            "depreciation": "None",
            "depreciationAndAmortization": "1272000000",
            "incomeBeforeTax": "1325000000",
            "incomeTaxExpense": "348000000",
            "interestAndDebtExpense": "478000000",
            "netIncomeFromContinuingOperations": "977000000",
            "comprehensiveIncomeNetOfTax": "1490000000",
            "ebit": "1721000000",
            "ebitda": "3047000000",
            "netIncome": "977000000"
        },
        {
            "fiscalDateEnding": "2020-12-31",
            "reportedCurrency": "USD",
            "grossProfit": "-2538000000",
            "totalRevenue": "9048000000",
            "costOfRevenue": "11328000000",
            "costofGoodsAndServicesSold": "3089000000",
            "operatingIncome": "-3816000000",
            "sellingGeneralAndAdministrative": "173000000",
            "researchAndDevelopment": "None",
            "operatingExpenses": "13259000000",
            "investmentIncomeNet": "32000000",
            "netInterestIncome": "-336000000",
            "interestIncome": "32000000",
            "interestExpense": "336000000",
            "nonInterestIncome": "9048000000",
            "otherNonOperatingIncome": "-158000000",
            "depreciation": "None",
            "depreciationAndAmortization": "1255000000",
            "incomeBeforeTax": "-4256000000",
            "incomeTaxExpense": "-1182000000",
            "interestAndDebtExpense": "336000000",
            "netIncomeFromContinuingOperations": "-3074000000",
            "comprehensiveIncomeNetOfTax": "-3118000000",
            "ebit": "-3816000000",
            "ebitda": "-2665000000",
            "netIncome": "-3074000000"
        },
        {
            "fiscalDateEnding": "2019-12-31",
            "reportedCurrency": "USD",
            "grossProfit": "6920000000",
            "totalRevenue": "22426000000",
            "costOfRevenue": "15487000000",
            "costofGoodsAndServicesSold": "5710000000",
            "operatingIncome": "2957000000",
            "sellingGeneralAndAdministrative": "267000000",
            "researchAndDevelopment": "None",
            "operatingExpenses": "19471000000",
            "investmentIncomeNet": "90000000",
            "netInterestIncome": "-118000000",
            "interestIncome": "90000000",
            "interestExpense": "118000000",
            "nonInterestIncome": "22428000000",
            "otherNonOperatingIncome": "-8000000",
            "depreciation": "None",
            "depreciationAndAmortization": "1219000000",
            "incomeBeforeTax": "2957000000",
            "incomeTaxExpense": "657000000",
            "interestAndDebtExpense": "118000000",
            "netIncomeFromContinuingOperations": "2300000000",
            "comprehensiveIncomeNetOfTax": "2219000000",
            "ebit": "3075000000",
            "ebitda": "4294000000",
            "netIncome": "2300000000"
        },
        {
            "fiscalDateEnding": "2018-12-31",
            "reportedCurrency": "USD",
            "grossProfit": "5677000000",
            "totalRevenue": "21965000000",
            "costOfRevenue": "16157000000",
            "costofGoodsAndServicesSold": "6111000000",
            "operatingIncome": "3206000000",
            "sellingGeneralAndAdministrative": "1196000000",
            "researchAndDevelopment": "None",
            "operatingExpenses": "18759000000",
            "investmentIncomeNet": "69000000",
            "netInterestIncome": "-131000000",
            "interestIncome": "69000000",
            "interestExpense": "131000000",
            "nonInterestIncome": "21965000000",
            "otherNonOperatingIncome": "-18000000",
            "depreciation": "None",
            "depreciationAndAmortization": "1201000000",
            "incomeBeforeTax": "3164000000",
            "incomeTaxExpense": "699000000",
            "interestAndDebtExpense": "131000000",
            "netIncomeFromContinuingOperations": "2465000000",
            "comprehensiveIncomeNetOfTax": "2491000000",
            "ebit": "3295000000",
            "ebitda": "4496000000",
            "netIncome": "2465000000"
        }
    ],
    "quarterlyReports": [
        {
            "fiscalDateEnding": "2023-03-31",
            "reportedCurrency": "USD",
            "grossProfit": "848000000",
            "totalRevenue": "5646000000",
            "costOfRevenue": "4798000000",
            "costofGoodsAndServicesSold": "1955000000",
            "operatingIncome": "-284000000",
            "sellingGeneralAndAdministrative": "2718000000",
            "researchAndDevelopment": "None",
            "operatingExpenses": "5990000000",
            "investmentIncomeNet": "125000000",
            "netInterestIncome": "-60000000",
            "interestIncome": "69000000",
            "interestExpense": "60000000",
            "nonInterestIncome": "5706000000",
            "otherNonOperatingIncome": "14000000",
            "depreciation": "None",
            "depreciationAndAmortization": "365000000",
            "incomeBeforeTax": "-205000000",
            "incomeTaxExpense": "-46000000",
            "interestAndDebtExpense": "60000000",
            "netIncomeFromContinuingOperations": "-159000000",
            "comprehensiveIncomeNetOfTax": "-306000000",
            "ebit": "-284000000",
            "ebitda": "220000000",
            "netIncome": "-159000000"
        },
        {
            "fiscalDateEnding": "2022-12-31",
            "reportedCurrency": "USD",
            "grossProfit": "877000000",
            "totalRevenue": "6113000000",
            "costOfRevenue": "5236000000",
            "costofGoodsAndServicesSold": "1965000000",
            "operatingIncome": "-385000000",
            "sellingGeneralAndAdministrative": "2833000000",
            "researchAndDevelopment": "None",
            "operatingExpenses": "6865000000",
            "investmentIncomeNet": "116000000",
            "netInterestIncome": "-75000000",
            "interestIncome": "59000000",
            "interestExpense": "75000000",
            "nonInterestIncome": "6171000000",
            "otherNonOperatingIncome": "45000000",
            "depreciation": "None",
            "depreciationAndAmortization": "367000000",
            "incomeBeforeTax": "-285000000",
            "incomeTaxExpense": "-65000000",
            "interestAndDebtExpense": "77000000",
            "netIncomeFromContinuingOperations": "-220000000",
            "comprehensiveIncomeNetOfTax": "-181000000",
            "ebit": "-385000000",
            "ebitda": "157000000",
            "netIncome": "-220000000"
        },
        {
            "fiscalDateEnding": "2022-09-30",
            "reportedCurrency": "USD",
            "grossProfit": "1263000000",
            "totalRevenue": "6069000000",
            "costOfRevenue": "4806000000",
            "costofGoodsAndServicesSold": "2145000000",
            "operatingIncome": "395000000",
            "sellingGeneralAndAdministrative": "2526000000",
            "researchAndDevelopment": "None",
            "operatingExpenses": "5825000000",
            "investmentIncomeNet": "70000000",
            "netInterestIncome": "-75000000",
            "interestIncome": "5000000",
            "interestExpense": "75000000",
            "nonInterestIncome": "6144000000",
            "otherNonOperatingIncome": "39000000",
            "depreciation": "None",
            "depreciationAndAmortization": "335000000",
            "incomeBeforeTax": "353000000",
            "incomeTaxExpense": "76000000",
            "interestAndDebtExpense": "227000000",
            "netIncomeFromContinuingOperations": "277000000",
            "comprehensiveIncomeNetOfTax": "-223000000",
            "ebit": "395000000",
            "ebitda": "763000000",
            "netIncome": "277000000"
        },
        {
            "fiscalDateEnding": "2022-06-30",
            "reportedCurrency": "USD",
            "grossProfit": "2019000000",
            "totalRevenue": "6603000000",
            "costOfRevenue": "4584000000",
            "costofGoodsAndServicesSold": "2024000000",
            "operatingIncome": "1158000000",
            "sellingGeneralAndAdministrative": "2430000000",
            "researchAndDevelopment": "None",
            "operatingExpenses": "5570000000",
            "investmentIncomeNet": "28000000",
            "netInterestIncome": "-82000000",
            "interestIncome": "28000000",
            "interestExpense": "82000000",
            "nonInterestIncome": "6685000000",
            "otherNonOperatingIncome": "-68000000",
            "depreciation": "None",
            "depreciationAndAmortization": "325000000",
            "incomeBeforeTax": "1036000000",
            "incomeTaxExpense": "276000000",
            "interestAndDebtExpense": "168000000",
            "netIncomeFromContinuingOperations": "760000000",
            "comprehensiveIncomeNetOfTax": "674000000",
            "ebit": "1158000000",
            "ebitda": "1443000000",
            "netIncome": "760000000"
        },
        {
            "fiscalDateEnding": "2022-03-31",
            "reportedCurrency": "USD",
            "grossProfit": "691000000",
            "totalRevenue": "4610000000",
            "costOfRevenue": "3919000000",
            "costofGoodsAndServicesSold": "1350000000",
            "operatingIncome": "-151000000",
            "sellingGeneralAndAdministrative": "2440000000",
            "researchAndDevelopment": "None",
            "operatingExpenses": "4845000000",
            "investmentIncomeNet": "3000000",
            "netInterestIncome": "-84000000",
            "interestIncome": "3000000",
            "interestExpense": "84000000",
            "nonInterestIncome": "4694000000",
            "otherNonOperatingIncome": "-72000000",
            "depreciation": "None",
            "depreciationAndAmortization": "324000000",
            "incomeBeforeTax": "-376000000",
            "incomeTaxExpense": "-98000000",
            "interestAndDebtExpense": "156000000",
            "netIncomeFromContinuingOperations": "-278000000",
            "comprehensiveIncomeNetOfTax": "225000000",
            "ebit": "-151000000",
            "ebitda": "32000000",
            "netIncome": "-278000000"
        },
        {
            "fiscalDateEnding": "2021-12-31",
            "reportedCurrency": "USD",
            "grossProfit": "742000000",
            "totalRevenue": "4958000000",
            "costOfRevenue": "4216000000",
            "costofGoodsAndServicesSold": "1413000000",
            "operatingIncome": "195000000",
            "sellingGeneralAndAdministrative": "2433000000",
            "researchAndDevelopment": "None",
            "operatingExpenses": "5099000000",
            "investmentIncomeNet": "7000000",
            "netInterestIncome": "-134000000",
            "interestIncome": "107000000",
            "interestExpense": "134000000",
            "nonInterestIncome": "5051000000",
            "otherNonOperatingIncome": "6000000",
            "depreciation": "None",
            "depreciationAndAmortization": "323000000",
            "incomeBeforeTax": "77000000",
            "incomeTaxExpense": "9000000",
            "interestAndDebtExpense": "150000000",
            "netIncomeFromContinuingOperations": "68000000",
            "comprehensiveIncomeNetOfTax": "190000000",
            "ebit": "195000000",
            "ebitda": "534000000",
            "netIncome": "68000000"
        },
        {
            "fiscalDateEnding": "2021-09-30",
            "reportedCurrency": "USD",
            "grossProfit": "763000000",
            "totalRevenue": "4573000000",
            "costOfRevenue": "3810000000",
            "costofGoodsAndServicesSold": "1366000000",
            "operatingIncome": "733000000",
            "sellingGeneralAndAdministrative": "2372000000",
            "researchAndDevelopment": "None",
            "operatingExpenses": "3946000000",
            "investmentIncomeNet": "2000000",
            "netInterestIncome": "-106000000",
            "interestIncome": "2000000",
            "interestExpense": "106000000",
            "nonInterestIncome": "4679000000",
            "otherNonOperatingIncome": "-17000000",
            "depreciation": "None",
            "depreciationAndAmortization": "322000000",
            "incomeBeforeTax": "600000000",
            "incomeTaxExpense": "154000000",
            "interestAndDebtExpense": "118000000",
            "netIncomeFromContinuingOperations": "446000000",
            "comprehensiveIncomeNetOfTax": "577000000",
            "ebit": "733000000",
            "ebitda": "1028000000",
            "netIncome": "446000000"
        },
        {
            "fiscalDateEnding": "2021-06-30",
            "reportedCurrency": "USD",
            "grossProfit": "554000000",
            "totalRevenue": "3900000000",
            "costOfRevenue": "3346000000",
            "costofGoodsAndServicesSold": "1206000000",
            "operatingIncome": "594000000",
            "sellingGeneralAndAdministrative": "2047000000",
            "researchAndDevelopment": "None",
            "operatingExpenses": "3414000000",
            "investmentIncomeNet": "2000000",
            "netInterestIncome": "-108000000",
            "interestIncome": "2000000",
            "interestExpense": "108000000",
            "nonInterestIncome": "4008000000",
            "otherNonOperatingIncome": "14000000",
            "depreciation": "None",
            "depreciationAndAmortization": "315000000",
            "incomeBeforeTax": "502000000",
            "incomeTaxExpense": "154000000",
            "interestAndDebtExpense": "108000000",
            "netIncomeFromContinuingOperations": "348000000",
            "comprehensiveIncomeNetOfTax": "544000000",
            "ebit": "594000000",
            "ebitda": "925000000",
            "netIncome": "348000000"
        },
        {
            "fiscalDateEnding": "2021-03-31",
            "reportedCurrency": "USD",
            "grossProfit": "-716000000",
            "totalRevenue": "1949000000",
            "costOfRevenue": "2665000000",
            "costofGoodsAndServicesSold": "782000000",
            "operatingIncome": "199000000",
            "sellingGeneralAndAdministrative": "1744000000",
            "researchAndDevelopment": "None",
            "operatingExpenses": "1853000000",
            "investmentIncomeNet": "2000000",
            "netInterestIncome": "-103000000",
            "interestIncome": "2000000",
            "interestExpense": "103000000",
            "nonInterestIncome": "2052000000",
            "otherNonOperatingIncome": "48000000",
            "depreciation": "None",
            "depreciationAndAmortization": "312000000",
            "incomeBeforeTax": "146000000",
            "incomeTaxExpense": "30000000",
            "interestAndDebtExpense": "103000000",
            "netIncomeFromContinuingOperations": "116000000",
            "comprehensiveIncomeNetOfTax": "180000000",
            "ebit": "199000000",
            "ebitda": "561000000",
            "netIncome": "116000000"
        },
        {
            "fiscalDateEnding": "2020-12-31",
            "reportedCurrency": "USD",
            "grossProfit": "2013000000",
            "totalRevenue": "2013000000",
            "costOfRevenue": "2714000000",
            "costofGoodsAndServicesSold": "660000000",
            "operatingIncome": "-1169000000",
            "sellingGeneralAndAdministrative": "1719000000",
            "researchAndDevelopment": "None",
            "operatingExpenses": "3354000000",
            "investmentIncomeNet": "2000000",
            "netInterestIncome": "-124000000",
            "interestIncome": "2000000",
            "interestExpense": "124000000",
            "nonInterestIncome": "2013000000",
            "otherNonOperatingIncome": "-63000000",
            "depreciation": "None",
            "depreciationAndAmortization": "315000000",
            "incomeBeforeTax": "-1331000000",
            "incomeTaxExpense": "-423000000",
            "interestAndDebtExpense": "124000000",
            "netIncomeFromContinuingOperations": "-1331000000",
            "comprehensiveIncomeNetOfTax": "-911000000",
            "ebit": "-1169000000",
            "ebitda": "-892000000",
            "netIncome": "-908000000"
        },
        {
            "fiscalDateEnding": "2020-09-30",
            "reportedCurrency": "USD",
            "grossProfit": "-987000000",
            "totalRevenue": "1793000000",
            "costOfRevenue": "2680000000",
            "costofGoodsAndServicesSold": "687000000",
            "operatingIncome": "-1411000000",
            "sellingGeneralAndAdministrative": "1863000000",
            "researchAndDevelopment": "None",
            "operatingExpenses": "3204000000",
            "investmentIncomeNet": "4000000",
            "netInterestIncome": "-100000000",
            "interestIncome": "96000000",
            "interestExpense": "100000000",
            "nonInterestIncome": "1793000000",
            "otherNonOperatingIncome": "-35000000",
            "depreciation": "None",
            "depreciationAndAmortization": "315000000",
            "incomeBeforeTax": "-1542000000",
            "incomeTaxExpense": "-385000000",
            "interestAndDebtExpense": "100000000",
            "netIncomeFromContinuingOperations": "-1157000000",
            "comprehensiveIncomeNetOfTax": "-1129000000",
            "ebit": "-1411000000",
            "ebitda": "-1127000000",
            "netIncome": "-1157000000"
        },
        {
            "fiscalDateEnding": "2020-06-30",
            "reportedCurrency": "USD",
            "grossProfit": "-1640000000",
            "totalRevenue": "1008000000",
            "costOfRevenue": "2559000000",
            "costofGoodsAndServicesSold": "532000000",
            "operatingIncome": "-1127000000",
            "sellingGeneralAndAdministrative": "1934000000",
            "researchAndDevelopment": "None",
            "operatingExpenses": "2357000000",
            "investmentIncomeNet": "9000000",
            "netInterestIncome": "-89000000",
            "interestIncome": "9000000",
            "interestExpense": "89000000",
            "nonInterestIncome": "1008000000",
            "otherNonOperatingIncome": "-32000000",
            "depreciation": "None",
            "depreciationAndAmortization": "313000000",
            "incomeBeforeTax": "-1239000000",
            "incomeTaxExpense": "-324000000",
            "interestAndDebtExpense": "89000000",
            "netIncomeFromContinuingOperations": "-915000000",
            "comprehensiveIncomeNetOfTax": "-859000000",
            "ebit": "-1127000000",
            "ebitda": "-837000000",
            "netIncome": "-915000000"
        },
        {
            "fiscalDateEnding": "2020-03-31",
            "reportedCurrency": "USD",
            "grossProfit": "837000000",
            "totalRevenue": "4234000000",
            "costOfRevenue": "3374000000",
            "costofGoodsAndServicesSold": "1209000000",
            "operatingIncome": "-110000000",
            "sellingGeneralAndAdministrative": "2126000000",
            "researchAndDevelopment": "None",
            "operatingExpenses": "4344000000",
            "investmentIncomeNet": "17000000",
            "netInterestIncome": "-23000000",
            "interestIncome": "17000000",
            "interestExpense": "23000000",
            "nonInterestIncome": "4234000000",
            "otherNonOperatingIncome": "-28000000",
            "depreciation": "None",
            "depreciationAndAmortization": "311000000",
            "incomeBeforeTax": "-144000000",
            "incomeTaxExpense": "-50000000",
            "interestAndDebtExpense": "23000000",
            "netIncomeFromContinuingOperations": "-94000000",
            "comprehensiveIncomeNetOfTax": "-219000000",
            "ebit": "-110000000",
            "ebitda": "190000000",
            "netIncome": "-94000000"
        },
        {
            "fiscalDateEnding": "2019-12-31",
            "reportedCurrency": "USD",
            "grossProfit": "5729000000",
            "totalRevenue": "5729000000",
            "costOfRevenue": "4257000000",
            "costofGoodsAndServicesSold": "1432000000",
            "operatingIncome": "665000000",
            "sellingGeneralAndAdministrative": "3013000000",
            "researchAndDevelopment": "None",
            "operatingExpenses": "5065000000",
            "investmentIncomeNet": "20000000",
            "netInterestIncome": "-28000000",
            "interestIncome": "20000000",
            "interestExpense": "28000000",
            "nonInterestIncome": "5730000000",
            "otherNonOperatingIncome": "0",
            "depreciation": "None",
            "depreciationAndAmortization": "313000000",
            "incomeBeforeTax": "667000000",
            "incomeTaxExpense": "153000000",
            "interestAndDebtExpense": "28000000",
            "netIncomeFromContinuingOperations": "666000000",
            "comprehensiveIncomeNetOfTax": "515000000",
            "ebit": "695000000",
            "ebitda": "1008000000",
            "netIncome": "514000000"
        },
        {
            "fiscalDateEnding": "2019-09-30",
            "reportedCurrency": "USD",
            "grossProfit": "1889000000",
            "totalRevenue": "5639000000",
            "costOfRevenue": "3745000000",
            "costofGoodsAndServicesSold": "1435000000",
            "operatingIncome": "819000000",
            "sellingGeneralAndAdministrative": "2764000000",
            "researchAndDevelopment": "None",
            "operatingExpenses": "4820000000",
            "investmentIncomeNet": "23000000",
            "netInterestIncome": "-30000000",
            "interestIncome": "23000000",
            "interestExpense": "30000000",
            "nonInterestIncome": "5639000000",
            "otherNonOperatingIncome": "-3000000",
            "depreciation": "None",
            "depreciationAndAmortization": "308000000",
            "incomeBeforeTax": "819000000",
            "incomeTaxExpense": "160000000",
            "interestAndDebtExpense": "30000000",
            "netIncomeFromContinuingOperations": "659000000",
            "comprehensiveIncomeNetOfTax": "566000000",
            "ebit": "849000000",
            "ebitda": "1157000000",
            "netIncome": "659000000"
        },
        {
            "fiscalDateEnding": "2019-06-30",
            "reportedCurrency": "USD",
            "grossProfit": "2015000000",
            "totalRevenue": "5909000000",
            "costOfRevenue": "3863000000",
            "costofGoodsAndServicesSold": "1493000000",
            "operatingIncome": "968000000",
            "sellingGeneralAndAdministrative": "2836000000",
            "researchAndDevelopment": "None",
            "operatingExpenses": "4941000000",
            "investmentIncomeNet": "24000000",
            "netInterestIncome": "-31000000",
            "interestIncome": "24000000",
            "interestExpense": "31000000",
            "nonInterestIncome": "5909000000",
            "otherNonOperatingIncome": "-2000000",
            "depreciation": "None",
            "depreciationAndAmortization": "302000000",
            "incomeBeforeTax": "968000000",
            "incomeTaxExpense": "227000000",
            "interestAndDebtExpense": "31000000",
            "netIncomeFromContinuingOperations": "741000000",
            "comprehensiveIncomeNetOfTax": "675000000",
            "ebit": "999000000",
            "ebitda": "1301000000",
            "netIncome": "741000000"
        },
        {
            "fiscalDateEnding": "2019-03-31",
            "reportedCurrency": "USD",
            "grossProfit": "1454000000",
            "totalRevenue": "5149000000",
            "costOfRevenue": "3664000000",
            "costofGoodsAndServicesSold": "1391000000",
            "operatingIncome": "505000000",
            "sellingGeneralAndAdministrative": "2706000000",
            "researchAndDevelopment": "None",
            "operatingExpenses": "4644000000",
            "investmentIncomeNet": "23000000",
            "netInterestIncome": "-31000000",
            "interestIncome": "23000000",
            "interestExpense": "31000000",
            "nonInterestIncome": "5149000000",
            "otherNonOperatingIncome": "-2000000",
            "depreciation": "None",
            "depreciationAndAmortization": "297000000",
            "incomeBeforeTax": "504000000",
            "incomeTaxExpense": "117000000",
            "interestAndDebtExpense": "31000000",
            "netIncomeFromContinuingOperations": "387000000",
            "comprehensiveIncomeNetOfTax": "463000000",
            "ebit": "535000000",
            "ebitda": "832000000",
            "netIncome": "387000000"
        },
        {
            "fiscalDateEnding": "2018-12-31",
            "reportedCurrency": "USD",
            "grossProfit": "5704000000",
            "totalRevenue": "5704000000",
            "costOfRevenue": "5071000000",
            "costofGoodsAndServicesSold": "1554000000",
            "operatingIncome": "820000000",
            "sellingGeneralAndAdministrative": "2746000000",
            "researchAndDevelopment": "None",
            "operatingExpenses": "4884000000",
            "investmentIncomeNet": "22000000",
            "netInterestIncome": "-32000000",
            "interestIncome": "None",
            "interestExpense": "32000000",
            "nonInterestIncome": "5704000000",
            "otherNonOperatingIncome": "-2000000",
            "depreciation": "None",
            "depreciationAndAmortization": "331000000",
            "incomeBeforeTax": "817000000",
            "incomeTaxExpense": "163000000",
            "interestAndDebtExpense": "32000000",
            "netIncomeFromContinuingOperations": "817000000",
            "comprehensiveIncomeNetOfTax": "262000000",
            "ebit": "849000000",
            "ebitda": "1180000000",
            "netIncome": "654000000"
        },
        {
            "fiscalDateEnding": "2018-09-30",
            "reportedCurrency": "USD",
            "grossProfit": "1746000000",
            "totalRevenue": "5575000000",
            "costOfRevenue": "3796000000",
            "costofGoodsAndServicesSold": "1583000000",
            "operatingIncome": "798000000",
            "sellingGeneralAndAdministrative": "2651000000",
            "researchAndDevelopment": "None",
            "operatingExpenses": "4777000000",
            "investmentIncomeNet": "20000000",
            "netInterestIncome": "-33000000",
            "interestIncome": "None",
            "interestExpense": "33000000",
            "nonInterestIncome": "5575000000",
            "otherNonOperatingIncome": "-8000000",
            "depreciation": "None",
            "depreciationAndAmortization": "301000000",
            "incomeBeforeTax": "786000000",
            "incomeTaxExpense": "171000000",
            "interestAndDebtExpense": "33000000",
            "netIncomeFromContinuingOperations": "615000000",
            "comprehensiveIncomeNetOfTax": "729000000",
            "ebit": "819000000",
            "ebitda": "1120000000",
            "netIncome": "615000000"
        },
        {
            "fiscalDateEnding": "2018-06-30",
            "reportedCurrency": "USD",
            "grossProfit": "1937000000",
            "totalRevenue": "5742000000",
            "costOfRevenue": "3805000000",
            "costofGoodsAndServicesSold": "1586000000",
            "operatingIncome": "972000000",
            "sellingGeneralAndAdministrative": "1927000000",
            "researchAndDevelopment": "None",
            "operatingExpenses": "4770000000",
            "investmentIncomeNet": "15000000",
            "netInterestIncome": "-33000000",
            "interestIncome": "None",
            "interestExpense": "33000000",
            "nonInterestIncome": "5742000000",
            "otherNonOperatingIncome": "4000000",
            "depreciation": "None",
            "depreciationAndAmortization": "292000000",
            "incomeBeforeTax": "960000000",
            "incomeTaxExpense": "227000000",
            "interestAndDebtExpense": "33000000",
            "netIncomeFromContinuingOperations": "733000000",
            "comprehensiveIncomeNetOfTax": "953000000",
            "ebit": "993000000",
            "ebitda": "1285000000",
            "netIncome": "733000000"
        }
    ]
}