{
    "symbol": "MMC",
    "annualReports": [
        {
            "fiscalDateEnding": "2022-12-31",
            "reportedCurrency": "USD",
            "grossProfit": "7357000000",
            "totalRevenue": "20275000000",
            "costOfRevenue": "12918000000",
            "costofGoodsAndServicesSold": "12071000000",
            "operatingIncome": "4280000000",
            "sellingGeneralAndAdministrative": "367000000",
            "researchAndDevelopment": "None",
            "operatingExpenses": "16440000000",
            "investmentIncomeNet": "15000000",
            "netInterestIncome": "-469000000",
            "interestIncome": "433000000",
            "interestExpense": "469000000",
            "nonInterestIncome": "20731000000",
            "otherNonOperatingIncome": "36000000",
            "depreciation": "381000000",
            "depreciationAndAmortization": "338000000",
            "incomeBeforeTax": "4045000000",
            "incomeTaxExpense": "995000000",
            "interestAndDebtExpense": "469000000",
            "netIncomeFromContinuingOperations": "3087000000",
            "comprehensiveIncomeNetOfTax": "2311000000",
            "ebit": "4514000000",
            "ebitda": "4852000000",
            "netIncome": "3050000000"
        },
        {
            "fiscalDateEnding": "2021-12-31",
            "reportedCurrency": "USD",
            "grossProfit": "7172000000",
            "totalRevenue": "19401000000",
            "costOfRevenue": "12229000000",
            "costofGoodsAndServicesSold": "11425000000",
            "operatingIncome": "4312000000",
            "sellingGeneralAndAdministrative": "348000000",
            "researchAndDevelopment": "None",
            "operatingExpenses": "15508000000",
            "investmentIncomeNet": "2000000",
            "netInterestIncome": "-444000000",
            "interestIncome": "381000000",
            "interestExpense": "444000000",
            "nonInterestIncome": "19825000000",
            "otherNonOperatingIncome": "63000000",
            "depreciation": "382000000",
            "depreciationAndAmortization": "365000000",
            "incomeBeforeTax": "4177000000",
            "incomeTaxExpense": "1034000000",
            "interestAndDebtExpense": "444000000",
            "netIncomeFromContinuingOperations": "3174000000",
            "comprehensiveIncomeNetOfTax": "3678000000",
            "ebit": "4621000000",
            "ebitda": "4986000000",
            "netIncome": "3143000000"
        },
        {
            "fiscalDateEnding": "2020-12-31",
            "reportedCurrency": "USD",
            "grossProfit": "5811000000",
            "totalRevenue": "16701000000",
            "costOfRevenue": "10890000000",
            "costofGoodsAndServicesSold": "10129000000",
            "operatingIncome": "3066000000",
            "sellingGeneralAndAdministrative": "290000000",
            "researchAndDevelopment": "None",
            "operatingExpenses": "14158000000",
            "investmentIncomeNet": "7000000",
            "netInterestIncome": "-515000000",
            "interestIncome": "7000000",
            "interestExpense": "515000000",
            "nonInterestIncome": "17197000000",
            "otherNonOperatingIncome": "-15000000",
            "depreciation": "390000000",
            "depreciationAndAmortization": "351000000",
            "incomeBeforeTax": "2763000000",
            "incomeTaxExpense": "747000000",
            "interestAndDebtExpense": "515000000",
            "netIncomeFromContinuingOperations": "2046000000",
            "comprehensiveIncomeNetOfTax": "1961000000",
            "ebit": "3278000000",
            "ebitda": "3629000000",
            "netIncome": "2016000000"
        },
        {
            "fiscalDateEnding": "2019-12-31",
            "reportedCurrency": "USD",
            "grossProfit": "5693000000",
            "totalRevenue": "16114000000",
            "costOfRevenue": "10421000000",
            "costofGoodsAndServicesSold": "9734000000",
            "operatingIncome": "2677000000",
            "sellingGeneralAndAdministrative": "252000000",
            "researchAndDevelopment": "None",
            "operatingExpenses": "13975000000",
            "investmentIncomeNet": "39000000",
            "netInterestIncome": "-524000000",
            "interestIncome": "39000000",
            "interestExpense": "524000000",
            "nonInterestIncome": "16620000000",
            "otherNonOperatingIncome": "7000000",
            "depreciation": "333000000",
            "depreciationAndAmortization": "314000000",
            "incomeBeforeTax": "2408000000",
            "incomeTaxExpense": "666000000",
            "interestAndDebtExpense": "556000000",
            "netIncomeFromContinuingOperations": "1742000000",
            "comprehensiveIncomeNetOfTax": "1334000000",
            "ebit": "2932000000",
            "ebitda": "3246000000",
            "netIncome": "1742000000"
        },
        {
            "fiscalDateEnding": "2018-12-31",
            "reportedCurrency": "USD",
            "grossProfit": "5145000000",
            "totalRevenue": "14677000000",
            "costOfRevenue": "9532000000",
            "costofGoodsAndServicesSold": "8605000000",
            "operatingIncome": "2761000000",
            "sellingGeneralAndAdministrative": "576000000",
            "researchAndDevelopment": "None",
            "operatingExpenses": "12189000000",
            "investmentIncomeNet": "-1000000",
            "netInterestIncome": "-290000000",
            "interestIncome": "11000000",
            "interestExpense": "290000000",
            "nonInterestIncome": "14967000000",
            "otherNonOperatingIncome": "11000000",
            "depreciation": "311000000",
            "depreciationAndAmortization": "183000000",
            "incomeBeforeTax": "2224000000",
            "incomeTaxExpense": "574000000",
            "interestAndDebtExpense": "290000000",
            "netIncomeFromContinuingOperations": "1650000000",
            "comprehensiveIncomeNetOfTax": "1060000000",
            "ebit": "2514000000",
            "ebitda": "2697000000",
            "netIncome": "1650000000"
        }
    ],
    "quarterlyReports": [
        {
            "fiscalDateEnding": "2022-12-31",
            "reportedCurrency": "USD",
            "grossProfit": "1563000000",
            "totalRevenue": "4907000000",
            "costOfRevenue": "3344000000",
            "costofGoodsAndServicesSold": "3038000000",
            "operatingIncome": "680000000",
            "sellingGeneralAndAdministrative": "84000000",
            "researchAndDevelopment": "None",
            "operatingExpenses": "4342000000",
            "investmentIncomeNet": "9000000",
            "netInterestIncome": "-127000000",
            "interestIncome": "124000000",
            "interestExpense": "127000000",
            "nonInterestIncome": "5033000000",
            "otherNonOperatingIncome": "3000000",
            "depreciation": "122000000",
            "depreciationAndAmortization": "80000000",
            "incomeBeforeTax": "608000000",
            "incomeTaxExpense": "142000000",
            "interestAndDebtExpense": "127000000",
            "netIncomeFromContinuingOperations": "471000000",
            "comprehensiveIncomeNetOfTax": "1200000000",
            "ebit": "735000000",
            "ebitda": "815000000",
            "netIncome": "466000000"
        },
        {
            "fiscalDateEnding": "2022-09-30",
            "reportedCurrency": "USD",
            "grossProfit": "1555000000",
            "totalRevenue": "4651000000",
            "costOfRevenue": "3096000000",
            "costofGoodsAndServicesSold": "2923000000",
            "operatingIncome": "791000000",
            "sellingGeneralAndAdministrative": "89000000",
            "researchAndDevelopment": "None",
            "operatingExpenses": "3979000000",
            "investmentIncomeNet": "4000000",
            "netInterestIncome": "-118000000",
            "interestIncome": "4000000",
            "interestExpense": "118000000",
            "nonInterestIncome": "4770000000",
            "otherNonOperatingIncome": "3000000",
            "depreciation": "85000000",
            "depreciationAndAmortization": "84000000",
            "incomeBeforeTax": "727000000",
            "incomeTaxExpense": "181000000",
            "interestAndDebtExpense": "118000000",
            "netIncomeFromContinuingOperations": "552000000",
            "comprehensiveIncomeNetOfTax": "-139000000",
            "ebit": "845000000",
            "ebitda": "929000000",
            "netIncome": "546000000"
        },
        {
            "fiscalDateEnding": "2022-06-30",
            "reportedCurrency": "USD",
            "grossProfit": "2087000000",
            "totalRevenue": "5269000000",
            "costOfRevenue": "3182000000",
            "costofGoodsAndServicesSold": "3010000000",
            "operatingIncome": "1364000000",
            "sellingGeneralAndAdministrative": "89000000",
            "researchAndDevelopment": "None",
            "operatingExpenses": "4015000000",
            "investmentIncomeNet": "1000000",
            "netInterestIncome": "-114000000",
            "interestIncome": "1000000",
            "interestExpense": "114000000",
            "nonInterestIncome": "5379000000",
            "otherNonOperatingIncome": "3000000",
            "depreciation": "85000000",
            "depreciationAndAmortization": "83000000",
            "incomeBeforeTax": "1301000000",
            "incomeTaxExpense": "334000000",
            "interestAndDebtExpense": "114000000",
            "netIncomeFromContinuingOperations": "978000000",
            "comprehensiveIncomeNetOfTax": "283000000",
            "ebit": "1415000000",
            "ebitda": "1498000000",
            "netIncome": "967000000"
        },
        {
            "fiscalDateEnding": "2022-03-31",
            "reportedCurrency": "USD",
            "grossProfit": "2157000000",
            "totalRevenue": "5453000000",
            "costOfRevenue": "3296000000",
            "costofGoodsAndServicesSold": "3100000000",
            "operatingIncome": "1445000000",
            "sellingGeneralAndAdministrative": "105000000",
            "researchAndDevelopment": "None",
            "operatingExpenses": "4104000000",
            "investmentIncomeNet": "1000000",
            "netInterestIncome": "-110000000",
            "interestIncome": "1000000",
            "interestExpense": "110000000",
            "nonInterestIncome": "5558000000",
            "otherNonOperatingIncome": "27000000",
            "depreciation": "89000000",
            "depreciationAndAmortization": "91000000",
            "incomeBeforeTax": "1409000000",
            "incomeTaxExpense": "338000000",
            "interestAndDebtExpense": "110000000",
            "netIncomeFromContinuingOperations": "1086000000",
            "comprehensiveIncomeNetOfTax": "967000000",
            "ebit": "1519000000",
            "ebitda": "1610000000",
            "netIncome": "1071000000"
        },
        {
            "fiscalDateEnding": "2021-12-31",
            "reportedCurrency": "USD",
            "grossProfit": "1904000000",
            "totalRevenue": "5037000000",
            "costOfRevenue": "3133000000",
            "costofGoodsAndServicesSold": "2905000000",
            "operatingIncome": "986000000",
            "sellingGeneralAndAdministrative": "85000000",
            "researchAndDevelopment": "None",
            "operatingExpenses": "4151000000",
            "investmentIncomeNet": "0",
            "netInterestIncome": "-109000000",
            "interestIncome": "91000000",
            "interestExpense": "109000000",
            "nonInterestIncome": "5142000000",
            "otherNonOperatingIncome": "18000000",
            "depreciation": "91000000",
            "depreciationAndAmortization": "87000000",
            "incomeBeforeTax": "957000000",
            "incomeTaxExpense": "154000000",
            "interestAndDebtExpense": "109000000",
            "netIncomeFromContinuingOperations": "834000000",
            "comprehensiveIncomeNetOfTax": "1573000000",
            "ebit": "1066000000",
            "ebitda": "1153000000",
            "netIncome": "803000000"
        },
        {
            "fiscalDateEnding": "2021-09-30",
            "reportedCurrency": "USD",
            "grossProfit": "1626000000",
            "totalRevenue": "4479000000",
            "costOfRevenue": "2853000000",
            "costofGoodsAndServicesSold": "2853000000",
            "operatingIncome": "740000000",
            "sellingGeneralAndAdministrative": "87000000",
            "researchAndDevelopment": "None",
            "operatingExpenses": "3843000000",
            "investmentIncomeNet": "1000000",
            "netInterestIncome": "-107000000",
            "interestIncome": "93000000",
            "interestExpense": "107000000",
            "nonInterestIncome": "4583000000",
            "otherNonOperatingIncome": "14000000",
            "depreciation": "90000000",
            "depreciationAndAmortization": "89000000",
            "incomeBeforeTax": "711000000",
            "incomeTaxExpense": "174000000",
            "interestAndDebtExpense": "107000000",
            "netIncomeFromContinuingOperations": "537000000",
            "comprehensiveIncomeNetOfTax": "345000000",
            "ebit": "818000000",
            "ebitda": "907000000",
            "netIncome": "537000000"
        },
        {
            "fiscalDateEnding": "2021-06-30",
            "reportedCurrency": "USD",
            "grossProfit": "1863000000",
            "totalRevenue": "4912000000",
            "costOfRevenue": "3049000000",
            "costofGoodsAndServicesSold": "2860000000",
            "operatingIncome": "1228000000",
            "sellingGeneralAndAdministrative": "98000000",
            "researchAndDevelopment": "None",
            "operatingExpenses": "3789000000",
            "investmentIncomeNet": "1000000",
            "netInterestIncome": "-110000000",
            "interestIncome": "1000000",
            "interestExpense": "110000000",
            "nonInterestIncome": "5017000000",
            "otherNonOperatingIncome": "20000000",
            "depreciation": "104000000",
            "depreciationAndAmortization": "189000000",
            "incomeBeforeTax": "1202000000",
            "incomeTaxExpense": "382000000",
            "interestAndDebtExpense": "110000000",
            "netIncomeFromContinuingOperations": "820000000",
            "comprehensiveIncomeNetOfTax": "864000000",
            "ebit": "1312000000",
            "ebitda": "1501000000",
            "netIncome": "820000000"
        },
        {
            "fiscalDateEnding": "2021-03-31",
            "reportedCurrency": "USD",
            "grossProfit": "1977000000",
            "totalRevenue": "4973000000",
            "costOfRevenue": "2996000000",
            "costofGoodsAndServicesSold": "2807000000",
            "operatingIncome": "1358000000",
            "sellingGeneralAndAdministrative": "78000000",
            "researchAndDevelopment": "None",
            "operatingExpenses": "3725000000",
            "investmentIncomeNet": "0",
            "netInterestIncome": "-118000000",
            "interestIncome": "107000000",
            "interestExpense": "118000000",
            "nonInterestIncome": "5083000000",
            "otherNonOperatingIncome": "11000000",
            "depreciation": "97000000",
            "depreciationAndAmortization": "100000000",
            "incomeBeforeTax": "1307000000",
            "incomeTaxExpense": "324000000",
            "interestAndDebtExpense": "118000000",
            "netIncomeFromContinuingOperations": "983000000",
            "comprehensiveIncomeNetOfTax": "896000000",
            "ebit": "1425000000",
            "ebitda": "1525000000",
            "netIncome": "983000000"
        },
        {
            "fiscalDateEnding": "2020-12-31",
            "reportedCurrency": "USD",
            "grossProfit": "4416000000",
            "totalRevenue": "4416000000",
            "costOfRevenue": "2881000000",
            "costofGoodsAndServicesSold": "2650000000",
            "operatingIncome": "571000000",
            "sellingGeneralAndAdministrative": "71000000",
            "researchAndDevelopment": "None",
            "operatingExpenses": "3845000000",
            "investmentIncomeNet": "2000000",
            "netInterestIncome": "-128000000",
            "interestIncome": "2000000",
            "interestExpense": "128000000",
            "nonInterestIncome": "4416000000",
            "otherNonOperatingIncome": "27000000",
            "depreciation": "108000000",
            "depreciationAndAmortization": "86000000",
            "incomeBeforeTax": "535000000",
            "incomeTaxExpense": "161000000",
            "interestAndDebtExpense": "128000000",
            "netIncomeFromContinuingOperations": "571000000",
            "comprehensiveIncomeNetOfTax": "412000000",
            "ebit": "663000000",
            "ebitda": "749000000",
            "netIncome": "374000000"
        },
        {
            "fiscalDateEnding": "2020-09-30",
            "reportedCurrency": "USD",
            "grossProfit": "1334000000",
            "totalRevenue": "3829000000",
            "costOfRevenue": "2495000000",
            "costofGoodsAndServicesSold": "2495000000",
            "operatingIncome": "540000000",
            "sellingGeneralAndAdministrative": "72000000",
            "researchAndDevelopment": "None",
            "operatingExpenses": "3428000000",
            "investmentIncomeNet": "1000000",
            "netInterestIncome": "-128000000",
            "interestIncome": "141000000",
            "interestExpense": "128000000",
            "nonInterestIncome": "3952000000",
            "otherNonOperatingIncome": "-13000000",
            "depreciation": "94000000",
            "depreciationAndAmortization": "91000000",
            "incomeBeforeTax": "455000000",
            "incomeTaxExpense": "139000000",
            "interestAndDebtExpense": "128000000",
            "netIncomeFromContinuingOperations": "316000000",
            "comprehensiveIncomeNetOfTax": "750000000",
            "ebit": "583000000",
            "ebitda": "674000000",
            "netIncome": "316000000"
        },
        {
            "fiscalDateEnding": "2020-06-30",
            "reportedCurrency": "USD",
            "grossProfit": "1620000000",
            "totalRevenue": "4060000000",
            "costOfRevenue": "2440000000",
            "costofGoodsAndServicesSold": "2429000000",
            "operatingIncome": "885000000",
            "sellingGeneralAndAdministrative": "75000000",
            "researchAndDevelopment": "None",
            "operatingExpenses": "3304000000",
            "investmentIncomeNet": "2000000",
            "netInterestIncome": "-132000000",
            "interestIncome": "2000000",
            "interestExpense": "132000000",
            "nonInterestIncome": "4187000000",
            "otherNonOperatingIncome": "-29000000",
            "depreciation": "91000000",
            "depreciationAndAmortization": "174000000",
            "incomeBeforeTax": "779000000",
            "incomeTaxExpense": "207000000",
            "interestAndDebtExpense": "132000000",
            "netIncomeFromContinuingOperations": "572000000",
            "comprehensiveIncomeNetOfTax": "837000000",
            "ebit": "911000000",
            "ebitda": "1085000000",
            "netIncome": "572000000"
        },
        {
            "fiscalDateEnding": "2020-03-31",
            "reportedCurrency": "USD",
            "grossProfit": "1806000000",
            "totalRevenue": "4528000000",
            "costOfRevenue": "2722000000",
            "costofGoodsAndServicesSold": "2555000000",
            "operatingIncome": "1070000000",
            "sellingGeneralAndAdministrative": "72000000",
            "researchAndDevelopment": "None",
            "operatingExpenses": "3581000000",
            "investmentIncomeNet": "2000000",
            "netInterestIncome": "-127000000",
            "interestIncome": "2000000",
            "interestExpense": "127000000",
            "nonInterestIncome": "4650000000",
            "otherNonOperatingIncome": "None",
            "depreciation": "97000000",
            "depreciationAndAmortization": "86000000",
            "incomeBeforeTax": "994000000",
            "incomeTaxExpense": "240000000",
            "interestAndDebtExpense": "127000000",
            "netIncomeFromContinuingOperations": "754000000",
            "comprehensiveIncomeNetOfTax": "-38000000",
            "ebit": "1121000000",
            "ebitda": "1207000000",
            "netIncome": "754000000"
        },
        {
            "fiscalDateEnding": "2019-12-31",
            "reportedCurrency": "USD",
            "grossProfit": "4264000000",
            "totalRevenue": "4264000000",
            "costOfRevenue": "2683000000",
            "costofGoodsAndServicesSold": "2478000000",
            "operatingIncome": "592000000",
            "sellingGeneralAndAdministrative": "68000000",
            "researchAndDevelopment": "None",
            "operatingExpenses": "3672000000",
            "investmentIncomeNet": "19000000",
            "netInterestIncome": "-130000000",
            "interestIncome": "5000000",
            "interestExpense": "130000000",
            "nonInterestIncome": "4264000000",
            "otherNonOperatingIncome": "-15000000",
            "depreciation": "88000000",
            "depreciationAndAmortization": "79000000",
            "incomeBeforeTax": "526000000",
            "incomeTaxExpense": "135000000",
            "interestAndDebtExpense": "130000000",
            "netIncomeFromContinuingOperations": "391000000",
            "comprehensiveIncomeNetOfTax": "267000000",
            "ebit": "656000000",
            "ebitda": "735000000",
            "netIncome": "391000000"
        },
        {
            "fiscalDateEnding": "2019-09-30",
            "reportedCurrency": "USD",
            "grossProfit": "1399000000",
            "totalRevenue": "3843000000",
            "costOfRevenue": "2444000000",
            "costofGoodsAndServicesSold": "2437000000",
            "operatingIncome": "467000000",
            "sellingGeneralAndAdministrative": "67000000",
            "researchAndDevelopment": "None",
            "operatingExpenses": "3501000000",
            "investmentIncomeNet": "7000000",
            "netInterestIncome": "-133000000",
            "interestIncome": "4000000",
            "interestExpense": "133000000",
            "nonInterestIncome": "3972000000",
            "otherNonOperatingIncome": "11000000",
            "depreciation": "86000000",
            "depreciationAndAmortization": "84000000",
            "incomeBeforeTax": "411000000",
            "incomeTaxExpense": "108000000",
            "interestAndDebtExpense": "133000000",
            "netIncomeFromContinuingOperations": "303000000",
            "comprehensiveIncomeNetOfTax": "-101000000",
            "ebit": "544000000",
            "ebitda": "628000000",
            "netIncome": "303000000"
        },
        {
            "fiscalDateEnding": "2019-06-30",
            "reportedCurrency": "USD",
            "grossProfit": "1642000000",
            "totalRevenue": "4179000000",
            "costOfRevenue": "2537000000",
            "costofGoodsAndServicesSold": "2537000000",
            "operatingIncome": "680000000",
            "sellingGeneralAndAdministrative": "60000000",
            "researchAndDevelopment": "None",
            "operatingExpenses": "3669000000",
            "investmentIncomeNet": "8000000",
            "netInterestIncome": "-141000000",
            "interestIncome": "2000000",
            "interestExpense": "141000000",
            "nonInterestIncome": "4320000000",
            "otherNonOperatingIncome": "-22000000",
            "depreciation": "85000000",
            "depreciationAndAmortization": "100000000",
            "incomeBeforeTax": "538000000",
            "incomeTaxExpense": "206000000",
            "interestAndDebtExpense": "173000000",
            "netIncomeFromContinuingOperations": "332000000",
            "comprehensiveIncomeNetOfTax": "395000000",
            "ebit": "679000000",
            "ebitda": "779000000",
            "netIncome": "332000000"
        },
        {
            "fiscalDateEnding": "2019-03-31",
            "reportedCurrency": "USD",
            "grossProfit": "1526000000",
            "totalRevenue": "3954000000",
            "costOfRevenue": "2428000000",
            "costofGoodsAndServicesSold": "2282000000",
            "operatingIncome": "938000000",
            "sellingGeneralAndAdministrative": "57000000",
            "researchAndDevelopment": "None",
            "operatingExpenses": "3133000000",
            "investmentIncomeNet": "5000000",
            "netInterestIncome": "-120000000",
            "interestIncome": "58000000",
            "interestExpense": "120000000",
            "nonInterestIncome": "4074000000",
            "otherNonOperatingIncome": "33000000",
            "depreciation": "74000000",
            "depreciationAndAmortization": "51000000",
            "incomeBeforeTax": "933000000",
            "incomeTaxExpense": "217000000",
            "interestAndDebtExpense": "120000000",
            "netIncomeFromContinuingOperations": "716000000",
            "comprehensiveIncomeNetOfTax": "773000000",
            "ebit": "1053000000",
            "ebitda": "1104000000",
            "netIncome": "716000000"
        },
        {
            "fiscalDateEnding": "2018-12-31",
            "reportedCurrency": "USD",
            "grossProfit": "3712000000",
            "totalRevenue": "3712000000",
            "costOfRevenue": "2633000000",
            "costofGoodsAndServicesSold": "2163000000",
            "operatingIncome": "621000000",
            "sellingGeneralAndAdministrative": "430000000",
            "researchAndDevelopment": "None",
            "operatingExpenses": "3091000000",
            "investmentIncomeNet": "23000000",
            "netInterestIncome": "-92000000",
            "interestIncome": "None",
            "interestExpense": "92000000",
            "nonInterestIncome": "3712000000",
            "otherNonOperatingIncome": "27000000",
            "depreciation": "75000000",
            "depreciationAndAmortization": "48000000",
            "incomeBeforeTax": "218000000",
            "incomeTaxExpense": "65000000",
            "interestAndDebtExpense": "92000000",
            "netIncomeFromContinuingOperations": "153000000",
            "comprehensiveIncomeNetOfTax": "-6000000",
            "ebit": "310000000",
            "ebitda": "358000000",
            "netIncome": "153000000"
        },
        {
            "fiscalDateEnding": "2018-09-30",
            "reportedCurrency": "USD",
            "grossProfit": "1377000000",
            "totalRevenue": "3460000000",
            "costOfRevenue": "2083000000",
            "costofGoodsAndServicesSold": "2083000000",
            "operatingIncome": "541000000",
            "sellingGeneralAndAdministrative": "47000000",
            "researchAndDevelopment": "None",
            "operatingExpenses": "2963000000",
            "investmentIncomeNet": "-52000000",
            "netInterestIncome": "-69000000",
            "interestIncome": "None",
            "interestExpense": "69000000",
            "nonInterestIncome": "3529000000",
            "otherNonOperatingIncome": "-50000000",
            "depreciation": "77000000",
            "depreciationAndAmortization": "47000000",
            "incomeBeforeTax": "382000000",
            "incomeTaxExpense": "106000000",
            "interestAndDebtExpense": "69000000",
            "netIncomeFromContinuingOperations": "276000000",
            "comprehensiveIncomeNetOfTax": "53000000",
            "ebit": "451000000",
            "ebitda": "498000000",
            "netIncome": "276000000"
        },
        {
            "fiscalDateEnding": "2018-06-30",
            "reportedCurrency": "USD",
            "grossProfit": "1550000000",
            "totalRevenue": "3685000000",
            "costOfRevenue": "2135000000",
            "costofGoodsAndServicesSold": "2135000000",
            "operatingIncome": "691000000",
            "sellingGeneralAndAdministrative": "-2125000000",
            "researchAndDevelopment": "None",
            "operatingExpenses": "3043000000",
            "investmentIncomeNet": "28000000",
            "netInterestIncome": "-68000000",
            "interestIncome": "None",
            "interestExpense": "68000000",
            "nonInterestIncome": "3753000000",
            "otherNonOperatingIncome": "31000000",
            "depreciation": "79000000",
            "depreciationAndAmortization": "43000000",
            "incomeBeforeTax": "714000000",
            "incomeTaxExpense": "183000000",
            "interestAndDebtExpense": "68000000",
            "netIncomeFromContinuingOperations": "531000000",
            "comprehensiveIncomeNetOfTax": "171000000",
            "ebit": "782000000",
            "ebitda": "825000000",
            "netIncome": "531000000"
        },
        {
            "fiscalDateEnding": "2018-03-31",
            "reportedCurrency": "USD",
            "grossProfit": "1664000000",
            "totalRevenue": "3939000000",
            "costOfRevenue": "2275000000",
            "costofGoodsAndServicesSold": "2224000000",
            "operatingIncome": "908000000",
            "sellingGeneralAndAdministrative": "2224000000",
            "researchAndDevelopment": "None",
            "operatingExpenses": "3092000000",
            "investmentIncomeNet": "0",
            "netInterestIncome": "-61000000",
            "interestIncome": "None",
            "interestExpense": "61000000",
            "nonInterestIncome": "4000000000",
            "otherNonOperatingIncome": "3000000",
            "depreciation": "80000000",
            "depreciationAndAmortization": "45000000",
            "incomeBeforeTax": "910000000",
            "incomeTaxExpense": "220000000",
            "interestAndDebtExpense": "61000000",
            "netIncomeFromContinuingOperations": "690000000",
            "comprehensiveIncomeNetOfTax": "842000000",
            "ebit": "971000000",
            "ebitda": "1016000000",
            "netIncome": "690000000"
        }
    ]
}