{
    "symbol": "MOS",
    "annualReports": [
        {
            "fiscalDateEnding": "2022-12-31",
            "reportedCurrency": "USD",
            "grossProfit": "5755800000",
            "totalRevenue": "19125200000",
            "costOfRevenue": "13369400000",
            "costofGoodsAndServicesSold": "13369400000",
            "operatingIncome": "4785300000",
            "sellingGeneralAndAdministrative": "498000000",
            "researchAndDevelopment": "None",
            "operatingExpenses": "731700000",
            "investmentIncomeNet": "None",
            "netInterestIncome": "-137800000",
            "interestIncome": "31000000",
            "interestExpense": "168800000",
            "nonInterestIncome": "19176100000",
            "otherNonOperatingIncome": "-102500000",
            "depreciation": "932100000",
            "depreciationAndAmortization": "47700000",
            "incomeBeforeTax": "4807100000",
            "incomeTaxExpense": "1224300000",
            "interestAndDebtExpense": "168800000",
            "netIncomeFromContinuingOperations": "3418200000",
            "comprehensiveIncomeNetOfTax": "3322400000",
            "ebit": "4975900000",
            "ebitda": "5023600000",
            "netIncome": "3582800000"
        },
        {
            "fiscalDateEnding": "2021-12-31",
            "reportedCurrency": "USD",
            "grossProfit": "3200300000",
            "totalRevenue": "12357400000",
            "costOfRevenue": "9157100000",
            "costofGoodsAndServicesSold": "9157100000",
            "operatingIncome": "2468500000",
            "sellingGeneralAndAdministrative": "430500000",
            "researchAndDevelopment": "None",
            "operatingExpenses": "552200000",
            "investmentIncomeNet": "None",
            "netInterestIncome": "-169100000",
            "interestIncome": "25200000",
            "interestExpense": "194300000",
            "nonInterestIncome": "12284200000",
            "otherNonOperatingIncome": "3900000",
            "depreciation": "811800000",
            "depreciationAndAmortization": "41700000",
            "incomeBeforeTax": "2228300000",
            "incomeTaxExpense": "597700000",
            "interestAndDebtExpense": "194300000",
            "netIncomeFromContinuingOperations": "1627100000",
            "comprehensiveIncomeNetOfTax": "1545000000",
            "ebit": "2422600000",
            "ebitda": "2464300000",
            "netIncome": "1630600000"
        },
        {
            "fiscalDateEnding": "2020-12-31",
            "reportedCurrency": "USD",
            "grossProfit": "1064900000",
            "totalRevenue": "8681700000",
            "costOfRevenue": "7616800000",
            "costofGoodsAndServicesSold": "7616800000",
            "operatingIncome": "412900000",
            "sellingGeneralAndAdministrative": "371500000",
            "researchAndDevelopment": "None",
            "operatingExpenses": "518900000",
            "investmentIncomeNet": "None",
            "netInterestIncome": "-180600000",
            "interestIncome": "33500000",
            "interestExpense": "214100000",
            "nonInterestIncome": "8601100000",
            "otherNonOperatingIncome": "12900000",
            "depreciation": "846400000",
            "depreciationAndAmortization": "38900000",
            "incomeBeforeTax": "87600000",
            "incomeTaxExpense": "-578500000",
            "interestAndDebtExpense": "214100000",
            "netIncomeFromContinuingOperations": "759400000",
            "comprehensiveIncomeNetOfTax": "458100000",
            "ebit": "301700000",
            "ebitda": "340600000",
            "netIncome": "666100000"
        },
        {
            "fiscalDateEnding": "2019-12-31",
            "reportedCurrency": "USD",
            "grossProfit": "897300000",
            "totalRevenue": "8906300000",
            "costOfRevenue": "8009000000",
            "costofGoodsAndServicesSold": "8009000000",
            "operatingIncome": "-1094900000",
            "sellingGeneralAndAdministrative": "354100000",
            "researchAndDevelopment": "None",
            "operatingExpenses": "1075800000",
            "investmentIncomeNet": "None",
            "netInterestIncome": "-182900000",
            "interestIncome": "33100000",
            "interestExpense": "216000000",
            "nonInterestIncome": "1500000",
            "otherNonOperatingIncome": "1500000",
            "depreciation": "877600000",
            "depreciationAndAmortization": "33400000",
            "incomeBeforeTax": "-1292100000",
            "incomeTaxExpense": "-224700000",
            "interestAndDebtExpense": "216000000",
            "netIncomeFromContinuingOperations": "-1031400000",
            "comprehensiveIncomeNetOfTax": "-1008500000",
            "ebit": "-1076100000",
            "ebitda": "-1042700000",
            "netIncome": "-1067400000"
        },
        {
            "fiscalDateEnding": "2018-12-31",
            "reportedCurrency": "USD",
            "grossProfit": "1498400000",
            "totalRevenue": "9587300000",
            "costOfRevenue": "8088900000",
            "costofGoodsAndServicesSold": "8088900000",
            "operatingIncome": "928300000",
            "sellingGeneralAndAdministrative": "341100000",
            "researchAndDevelopment": "None",
            "operatingExpenses": "457900000",
            "investmentIncomeNet": "None",
            "netInterestIncome": "-166100000",
            "interestIncome": "49700000",
            "interestExpense": "215800000",
            "nonInterestIncome": "-255000000",
            "otherNonOperatingIncome": "-18800000",
            "depreciation": "878200000",
            "depreciationAndAmortization": "5700000",
            "incomeBeforeTax": "547100000",
            "incomeTaxExpense": "77100000",
            "interestAndDebtExpense": "215800000",
            "netIncomeFromContinuingOperations": "474400000",
            "comprehensiveIncomeNetOfTax": "-125500000",
            "ebit": "762900000",
            "ebitda": "768600000",
            "netIncome": "470000000"
        }
    ],
    "quarterlyReports": [
        {
            "fiscalDateEnding": "2022-12-31",
            "reportedCurrency": "USD",
            "grossProfit": "968400000",
            "totalRevenue": "2184900000",
            "costOfRevenue": "3762600000",
            "costofGoodsAndServicesSold": "3512900000",
            "operatingIncome": "700600000",
            "sellingGeneralAndAdministrative": "132900000",
            "researchAndDevelopment": "None",
            "operatingExpenses": "296300000",
            "investmentIncomeNet": "None",
            "netInterestIncome": "-33800000",
            "interestIncome": "115800000",
            "interestExpense": "149600000",
            "nonInterestIncome": "4509800000",
            "otherNonOperatingIncome": "-64700000",
            "depreciation": "None",
            "depreciationAndAmortization": "462200000",
            "incomeBeforeTax": "729200000",
            "incomeTaxExpense": "206000000",
            "interestAndDebtExpense": "149600000",
            "netIncomeFromContinuingOperations": "471200000",
            "comprehensiveIncomeNetOfTax": "651800000",
            "ebit": "700600000",
            "ebitda": "1204000000",
            "netIncome": "523200000"
        },
        {
            "fiscalDateEnding": "2022-09-30",
            "reportedCurrency": "USD",
            "grossProfit": "1502000000",
            "totalRevenue": "6221800000",
            "costOfRevenue": "3971000000",
            "costofGoodsAndServicesSold": "3846500000",
            "operatingIncome": "1154700000",
            "sellingGeneralAndAdministrative": "124500000",
            "researchAndDevelopment": "None",
            "operatingExpenses": "124500000",
            "investmentIncomeNet": "None",
            "netInterestIncome": "-30600000",
            "interestIncome": "-23500000",
            "interestExpense": "7100000",
            "nonInterestIncome": "5287400000",
            "otherNonOperatingIncome": "-2300000",
            "depreciation": "None",
            "depreciationAndAmortization": "229200000",
            "incomeBeforeTax": "1118300000",
            "incomeTaxExpense": "276600000",
            "interestAndDebtExpense": "7100000",
            "netIncomeFromContinuingOperations": "784100000",
            "comprehensiveIncomeNetOfTax": "448000000",
            "ebit": "1154700000",
            "ebitda": "1385700000",
            "netIncome": "841700000"
        },
        {
            "fiscalDateEnding": "2022-06-30",
            "reportedCurrency": "USD",
            "grossProfit": "1846300000",
            "totalRevenue": "6011800000",
            "costOfRevenue": "3635000000",
            "costofGoodsAndServicesSold": "3526800000",
            "operatingIncome": "1674200000",
            "sellingGeneralAndAdministrative": "108200000",
            "researchAndDevelopment": "None",
            "operatingExpenses": "108200000",
            "investmentIncomeNet": "None",
            "netInterestIncome": "-34100000",
            "interestIncome": "-28400000",
            "interestExpense": "5700000",
            "nonInterestIncome": "5145900000",
            "otherNonOperatingIncome": "-35700000",
            "depreciation": "None",
            "depreciationAndAmortization": "471700000",
            "incomeBeforeTax": "1405200000",
            "incomeTaxExpense": "369300000",
            "interestAndDebtExpense": "5700000",
            "netIncomeFromContinuingOperations": "1007900000",
            "comprehensiveIncomeNetOfTax": "767100000",
            "ebit": "1674200000",
            "ebitda": "1920000000",
            "netIncome": "1035900000"
        },
        {
            "fiscalDateEnding": "2022-03-31",
            "reportedCurrency": "USD",
            "grossProfit": "1439100000",
            "totalRevenue": "4706700000",
            "costOfRevenue": "2638400000",
            "costofGoodsAndServicesSold": "2483200000",
            "operatingIncome": "1255800000",
            "sellingGeneralAndAdministrative": "132400000",
            "researchAndDevelopment": "None",
            "operatingExpenses": "155200000",
            "investmentIncomeNet": "None",
            "netInterestIncome": "-39300000",
            "interestIncome": "-32900000",
            "interestExpense": "6400000",
            "nonInterestIncome": "4233000000",
            "otherNonOperatingIncome": "200000",
            "depreciation": "None",
            "depreciationAndAmortization": "226700000",
            "incomeBeforeTax": "1554400000",
            "incomeTaxExpense": "372400000",
            "interestAndDebtExpense": "6400000",
            "netIncomeFromContinuingOperations": "1155000000",
            "comprehensiveIncomeNetOfTax": "1455500000",
            "ebit": "1255800000",
            "ebitda": "1825000000",
            "netIncome": "1182000000"
        },
        {
            "fiscalDateEnding": "2021-12-31",
            "reportedCurrency": "USD",
            "grossProfit": "1148600000",
            "totalRevenue": "3378200000",
            "costOfRevenue": "2879800000",
            "costofGoodsAndServicesSold": "2692400000",
            "operatingIncome": "969700000",
            "sellingGeneralAndAdministrative": "123500000",
            "researchAndDevelopment": "None",
            "operatingExpenses": "182100000",
            "investmentIncomeNet": "None",
            "netInterestIncome": "-39000000",
            "interestIncome": "132900000",
            "interestExpense": "171900000",
            "nonInterestIncome": "3802600000",
            "otherNonOperatingIncome": "-1100000",
            "depreciation": "None",
            "depreciationAndAmortization": "812900000",
            "incomeBeforeTax": "910300000",
            "incomeTaxExpense": "245500000",
            "interestAndDebtExpense": "171900000",
            "netIncomeFromContinuingOperations": "640400000",
            "comprehensiveIncomeNetOfTax": "641500000",
            "ebit": "969700000",
            "ebitda": "1769700000",
            "netIncome": "664800000"
        },
        {
            "fiscalDateEnding": "2021-09-30",
            "reportedCurrency": "USD",
            "grossProfit": "864500000",
            "totalRevenue": "3544600000",
            "costOfRevenue": "2651800000",
            "costofGoodsAndServicesSold": "2554100000",
            "operatingIncome": "701600000",
            "sellingGeneralAndAdministrative": "97700000",
            "researchAndDevelopment": "None",
            "operatingExpenses": "97700000",
            "investmentIncomeNet": "None",
            "netInterestIncome": "-47800000",
            "interestIncome": "-43800000",
            "interestExpense": "4000000",
            "nonInterestIncome": "3318500000",
            "otherNonOperatingIncome": "600000",
            "depreciation": "None",
            "depreciationAndAmortization": "186100000",
            "incomeBeforeTax": "548500000",
            "incomeTaxExpense": "176600000",
            "interestAndDebtExpense": "4000000",
            "netIncomeFromContinuingOperations": "377700000",
            "comprehensiveIncomeNetOfTax": "127700000",
            "ebit": "701600000",
            "ebitda": "789200000",
            "netIncome": "371900000"
        },
        {
            "fiscalDateEnding": "2021-06-30",
            "reportedCurrency": "USD",
            "grossProfit": "752300000",
            "totalRevenue": "3070900000",
            "costOfRevenue": "2156000000",
            "costofGoodsAndServicesSold": "2048400000",
            "operatingIncome": "484000000",
            "sellingGeneralAndAdministrative": "107600000",
            "researchAndDevelopment": "None",
            "operatingExpenses": "107600000",
            "investmentIncomeNet": "None",
            "netInterestIncome": "-37300000",
            "interestIncome": "-29100000",
            "interestExpense": "8200000",
            "nonInterestIncome": "2911800000",
            "otherNonOperatingIncome": "1400000",
            "depreciation": "None",
            "depreciationAndAmortization": "203500000",
            "incomeBeforeTax": "553100000",
            "incomeTaxExpense": "115900000",
            "interestAndDebtExpense": "8200000",
            "netIncomeFromContinuingOperations": "443300000",
            "comprehensiveIncomeNetOfTax": "736400000",
            "ebit": "484000000",
            "ebitda": "800400000",
            "netIncome": "437200000"
        },
        {
            "fiscalDateEnding": "2021-03-31",
            "reportedCurrency": "USD",
            "grossProfit": "434900000",
            "totalRevenue": "2363700000",
            "costOfRevenue": "1984800000",
            "costofGoodsAndServicesSold": "1862200000",
            "operatingIncome": "313200000",
            "sellingGeneralAndAdministrative": "101700000",
            "researchAndDevelopment": "None",
            "operatingExpenses": "122600000",
            "investmentIncomeNet": "None",
            "netInterestIncome": "-45000000",
            "interestIncome": "-34800000",
            "interestExpense": "10200000",
            "nonInterestIncome": "2251300000",
            "otherNonOperatingIncome": "3000000",
            "depreciation": "None",
            "depreciationAndAmortization": "209100000",
            "incomeBeforeTax": "216400000",
            "incomeTaxExpense": "59700000",
            "interestAndDebtExpense": "10200000",
            "netIncomeFromContinuingOperations": "165700000",
            "comprehensiveIncomeNetOfTax": "39400000",
            "ebit": "313200000",
            "ebitda": "474900000",
            "netIncome": "156700000"
        },
        {
            "fiscalDateEnding": "2020-12-31",
            "reportedCurrency": "USD",
            "grossProfit": "411400000",
            "totalRevenue": "2193600000",
            "costOfRevenue": "2218300000",
            "costofGoodsAndServicesSold": "2046000000",
            "operatingIncome": "294800000",
            "sellingGeneralAndAdministrative": "110900000",
            "researchAndDevelopment": "None",
            "operatingExpenses": "188600000",
            "investmentIncomeNet": "None",
            "netInterestIncome": "-47200000",
            "interestIncome": "143600000",
            "interestExpense": "190800000",
            "nonInterestIncome": "2551100000",
            "otherNonOperatingIncome": "1300000",
            "depreciation": "None",
            "depreciationAndAmortization": "208500000",
            "incomeBeforeTax": "347000000",
            "incomeTaxExpense": "-480900000",
            "interestAndDebtExpense": "190800000",
            "netIncomeFromContinuingOperations": "839800000",
            "comprehensiveIncomeNetOfTax": "1075500000",
            "ebit": "294800000",
            "ebitda": "611000000",
            "netIncome": "827900000"
        },
        {
            "fiscalDateEnding": "2020-09-30",
            "reportedCurrency": "USD",
            "grossProfit": "355100000",
            "totalRevenue": "2544700000",
            "costOfRevenue": "2124000000",
            "costofGoodsAndServicesSold": "2026400000",
            "operatingIncome": "98500000",
            "sellingGeneralAndAdministrative": "97600000",
            "researchAndDevelopment": "None",
            "operatingExpenses": "97600000",
            "investmentIncomeNet": "None",
            "netInterestIncome": "-43000000",
            "interestIncome": "-34800000",
            "interestExpense": "8200000",
            "nonInterestIncome": "2387300000",
            "otherNonOperatingIncome": "4700000",
            "depreciation": "None",
            "depreciationAndAmortization": "205900000",
            "incomeBeforeTax": "31900000",
            "incomeTaxExpense": "38100000",
            "interestAndDebtExpense": "8200000",
            "netIncomeFromContinuingOperations": "27900000",
            "comprehensiveIncomeNetOfTax": "53200000",
            "ebit": "98500000",
            "ebitda": "288600000",
            "netIncome": "-6200000"
        },
        {
            "fiscalDateEnding": "2020-06-30",
            "reportedCurrency": "USD",
            "grossProfit": "257000000",
            "totalRevenue": "2252000000",
            "costOfRevenue": "313500000",
            "costofGoodsAndServicesSold": "1787700000",
            "operatingIncome": "85800000",
            "sellingGeneralAndAdministrative": "95100000",
            "researchAndDevelopment": "None",
            "operatingExpenses": "95100000",
            "investmentIncomeNet": "None",
            "netInterestIncome": "-49300000",
            "interestIncome": "-41700000",
            "interestExpense": "7600000",
            "nonInterestIncome": "2078800000",
            "otherNonOperatingIncome": "2400000",
            "depreciation": "None",
            "depreciationAndAmortization": "215400000",
            "incomeBeforeTax": "44700000",
            "incomeTaxExpense": "-2700000",
            "interestAndDebtExpense": "7600000",
            "netIncomeFromContinuingOperations": "75700000",
            "comprehensiveIncomeNetOfTax": "118200000",
            "ebit": "85800000",
            "ebitda": "317100000",
            "netIncome": "47400000"
        },
        {
            "fiscalDateEnding": "2020-03-31",
            "reportedCurrency": "USD",
            "grossProfit": "41400000",
            "totalRevenue": "1691400000",
            "costOfRevenue": "262300000",
            "costofGoodsAndServicesSold": "1756700000",
            "operatingIncome": "-66200000",
            "sellingGeneralAndAdministrative": "67900000",
            "researchAndDevelopment": "None",
            "operatingExpenses": "85200000",
            "investmentIncomeNet": "None",
            "netInterestIncome": "-41100000",
            "interestIncome": "-33600000",
            "interestExpense": "7500000",
            "nonInterestIncome": "1583900000",
            "otherNonOperatingIncome": "4500000",
            "depreciation": "None",
            "depreciationAndAmortization": "None",
            "incomeBeforeTax": "-336000000",
            "incomeTaxExpense": "-133000000",
            "interestAndDebtExpense": "7500000",
            "netIncomeFromContinuingOperations": "-184000000",
            "comprehensiveIncomeNetOfTax": "-788800000",
            "ebit": "-66200000",
            "ebitda": "-285200000",
            "netIncome": "-203000000"
        },
        {
            "fiscalDateEnding": "2019-12-31",
            "reportedCurrency": "USD",
            "grossProfit": "80700000",
            "totalRevenue": "1412700000",
            "costOfRevenue": "743600000",
            "costofGoodsAndServicesSold": "1995600000",
            "operatingIncome": "-1194600000",
            "sellingGeneralAndAdministrative": "104300000",
            "researchAndDevelopment": "None",
            "operatingExpenses": "747100000",
            "investmentIncomeNet": "None",
            "netInterestIncome": "-46700000",
            "interestIncome": "137100000",
            "interestExpense": "183800000",
            "nonInterestIncome": "-6802900000",
            "otherNonOperatingIncome": "-3400000",
            "depreciation": "None",
            "depreciationAndAmortization": "14000000",
            "incomeBeforeTax": "-1209800000",
            "incomeTaxExpense": "-288800000",
            "interestAndDebtExpense": "183800000",
            "netIncomeFromContinuingOperations": "-925300000",
            "comprehensiveIncomeNetOfTax": "-853800000",
            "ebit": "-1194600000",
            "ebitda": "-1012000000",
            "netIncome": "-921000000"
        },
        {
            "fiscalDateEnding": "2019-09-30",
            "reportedCurrency": "USD",
            "grossProfit": "279900000",
            "totalRevenue": "2930000000",
            "costOfRevenue": "85000000",
            "costofGoodsAndServicesSold": "2473500000",
            "operatingIncome": "139500000",
            "sellingGeneralAndAdministrative": "78200000",
            "researchAndDevelopment": "None",
            "operatingExpenses": "85000000",
            "investmentIncomeNet": "None",
            "netInterestIncome": "-43200000",
            "interestIncome": "-39400000",
            "interestExpense": "3800000",
            "nonInterestIncome": "2699600000",
            "otherNonOperatingIncome": "9700000",
            "depreciation": "None",
            "depreciationAndAmortization": "6800000",
            "incomeBeforeTax": "25100000",
            "incomeTaxExpense": "69200000",
            "interestAndDebtExpense": "3800000",
            "netIncomeFromContinuingOperations": "-17000000",
            "comprehensiveIncomeNetOfTax": "-231600000",
            "ebit": "139500000",
            "ebitda": "35700000",
            "netIncome": "-44100000"
        },
        {
            "fiscalDateEnding": "2019-06-30",
            "reportedCurrency": "USD",
            "grossProfit": "227200000",
            "totalRevenue": "2441000000",
            "costOfRevenue": "84400000",
            "costofGoodsAndServicesSold": "299800000",
            "operatingIncome": "-241900000",
            "sellingGeneralAndAdministrative": "78100000",
            "researchAndDevelopment": "None",
            "operatingExpenses": "84400000",
            "investmentIncomeNet": "None",
            "netInterestIncome": "-46000000",
            "interestIncome": "-42600000",
            "interestExpense": "3400000",
            "nonInterestIncome": "2197700000",
            "otherNonOperatingIncome": "-3700000",
            "depreciation": "None",
            "depreciationAndAmortization": "6300000",
            "incomeBeforeTax": "-284800000",
            "incomeTaxExpense": "-51700000",
            "interestAndDebtExpense": "3400000",
            "netIncomeFromContinuingOperations": "-219100000",
            "comprehensiveIncomeNetOfTax": "-115400000",
            "ebit": "-241900000",
            "ebitda": "-275100000",
            "netIncome": "-233100000"
        },
        {
            "fiscalDateEnding": "2019-03-31",
            "reportedCurrency": "USD",
            "grossProfit": "309500000",
            "totalRevenue": "2137800000",
            "costOfRevenue": "108800000",
            "costofGoodsAndServicesSold": "251000000",
            "operatingIncome": "202100000",
            "sellingGeneralAndAdministrative": "93500000",
            "researchAndDevelopment": "None",
            "operatingExpenses": "108800000",
            "investmentIncomeNet": "None",
            "netInterestIncome": "-47000000",
            "interestIncome": "-41000000",
            "interestExpense": "6000000",
            "nonInterestIncome": "1922300000",
            "otherNonOperatingIncome": "-1100000",
            "depreciation": "None",
            "depreciationAndAmortization": "6300000",
            "incomeBeforeTax": "177400000",
            "incomeTaxExpense": "46600000",
            "interestAndDebtExpense": "6000000",
            "netIncomeFromContinuingOperations": "130000000",
            "comprehensiveIncomeNetOfTax": "192300000",
            "ebit": "202100000",
            "ebitda": "189700000",
            "netIncome": "130800000"
        },
        {
            "fiscalDateEnding": "2018-12-31",
            "reportedCurrency": "USD",
            "grossProfit": "466200000",
            "totalRevenue": "2190000000",
            "costOfRevenue": "106200000",
            "costofGoodsAndServicesSold": "2054300000",
            "operatingIncome": "258000000",
            "sellingGeneralAndAdministrative": "89700000",
            "researchAndDevelopment": "None",
            "operatingExpenses": "169300000",
            "investmentIncomeNet": "None",
            "netInterestIncome": "-30700000",
            "interestIncome": "168100000",
            "interestExpense": "198800000",
            "nonInterestIncome": "-7208700000",
            "otherNonOperatingIncome": "-3200000",
            "depreciation": "None",
            "depreciationAndAmortization": "None",
            "incomeBeforeTax": "145000000",
            "incomeTaxExpense": "32700000",
            "interestAndDebtExpense": "198800000",
            "netIncomeFromContinuingOperations": "112600000",
            "comprehensiveIncomeNetOfTax": "-27100000",
            "ebit": "258000000",
            "ebitda": "188900000",
            "netIncome": "112300000"
        },
        {
            "fiscalDateEnding": "2018-09-30",
            "reportedCurrency": "USD",
            "grossProfit": "495500000",
            "totalRevenue": "3133300000",
            "costOfRevenue": "78500000",
            "costofGoodsAndServicesSold": "2432600000",
            "operatingIncome": "393300000",
            "sellingGeneralAndAdministrative": "78500000",
            "researchAndDevelopment": "None",
            "operatingExpenses": "78500000",
            "investmentIncomeNet": "None",
            "netInterestIncome": "-40900000",
            "interestIncome": "-34900000",
            "interestExpense": "6000000",
            "nonInterestIncome": "2925900000",
            "otherNonOperatingIncome": "-7600000",
            "depreciation": "None",
            "depreciationAndAmortization": "None",
            "incomeBeforeTax": "338100000",
            "incomeTaxExpense": "90600000",
            "interestAndDebtExpense": "6000000",
            "netIncomeFromContinuingOperations": "252000000",
            "comprehensiveIncomeNetOfTax": "253000000",
            "ebit": "393300000",
            "ebitda": "395800000",
            "netIncome": "247500000"
        },
        {
            "fiscalDateEnding": "2018-06-30",
            "reportedCurrency": "USD",
            "grossProfit": "294600000",
            "totalRevenue": "2297600000",
            "costOfRevenue": "79300000",
            "costofGoodsAndServicesSold": "1910400000",
            "operatingIncome": "196300000",
            "sellingGeneralAndAdministrative": "79300000",
            "researchAndDevelopment": "None",
            "operatingExpenses": "79300000",
            "investmentIncomeNet": "None",
            "netInterestIncome": "-45100000",
            "interestIncome": "-39400000",
            "interestExpense": "5700000",
            "nonInterestIncome": "2126300000",
            "otherNonOperatingIncome": "-2400000",
            "depreciation": "None",
            "depreciationAndAmortization": "None",
            "incomeBeforeTax": "71600000",
            "incomeTaxExpense": "3700000",
            "interestAndDebtExpense": "5700000",
            "netIncomeFromContinuingOperations": "66400000",
            "comprehensiveIncomeNetOfTax": "-253700000",
            "ebit": "196300000",
            "ebitda": "127300000",
            "netIncome": "67900000"
        },
        {
            "fiscalDateEnding": "2018-03-31",
            "reportedCurrency": "USD",
            "grossProfit": "242100000",
            "totalRevenue": "1965800000",
            "costOfRevenue": "1797300000",
            "costofGoodsAndServicesSold": "1691600000",
            "operatingIncome": "80700000",
            "sellingGeneralAndAdministrative": "93600000",
            "researchAndDevelopment": "None",
            "operatingExpenses": "106100000",
            "investmentIncomeNet": "None",
            "netInterestIncome": "-49400000",
            "interestIncome": "-44100000",
            "interestExpense": "5300000",
            "nonInterestIncome": "-32600000",
            "otherNonOperatingIncome": "-5600000",
            "depreciation": "None",
            "depreciationAndAmortization": "None",
            "incomeBeforeTax": "-7600000",
            "incomeTaxExpense": "-49900000",
            "interestAndDebtExpense": "5300000",
            "netIncomeFromContinuingOperations": "43400000",
            "comprehensiveIncomeNetOfTax": "-97700000",
            "ebit": "80700000",
            "ebitda": "50900000",
            "netIncome": "42300000"
        }
    ]
}