{
    "symbol": "MTCH",
    "annualReports": [
        {
            "fiscalDateEnding": "2022-12-31",
            "reportedCurrency": "USD",
            "grossProfit": "866438000",
            "totalRevenue": "3188843000",
            "costOfRevenue": "2322405000",
            "costofGoodsAndServicesSold": "959963000",
            "operatingIncome": "515005000",
            "sellingGeneralAndAdministrative": "970385000",
            "researchAndDevelopment": "333639000",
            "operatingExpenses": "1693381000",
            "investmentIncomeNet": "4400000",
            "netInterestIncome": "-145547000",
            "interestIncome": "None",
            "interestExpense": "145547000",
            "nonInterestIncome": "3186843000",
            "otherNonOperatingIncome": "8033000",
            "depreciation": "43594000",
            "depreciationAndAmortization": "366257000",
            "incomeBeforeTax": "377307000",
            "incomeTaxExpense": "15361000",
            "interestAndDebtExpense": "145547000",
            "netIncomeFromContinuingOperations": "364157000",
            "comprehensiveIncomeNetOfTax": "216518000",
            "ebit": "515005000",
            "ebitda": "889111000",
            "netIncome": "361946000"
        },
        {
            "fiscalDateEnding": "2021-12-31",
            "reportedCurrency": "USD",
            "grossProfit": "1134130000",
            "totalRevenue": "2983277000",
            "costOfRevenue": "1849147000",
            "costofGoodsAndServicesSold": "839308000",
            "operatingIncome": "851679000",
            "sellingGeneralAndAdministrative": "981280000",
            "researchAndDevelopment": "241049000",
            "operatingExpenses": "1691888000",
            "investmentIncomeNet": "None",
            "netInterestIncome": "-130493000",
            "interestIncome": "None",
            "interestExpense": "130493000",
            "nonInterestIncome": "2981477000",
            "otherNonOperatingIncome": "-465038000",
            "depreciation": "41402000",
            "depreciationAndAmortization": "28559000",
            "incomeBeforeTax": "257826000",
            "incomeTaxExpense": "-19897000",
            "interestAndDebtExpense": "130493000",
            "netIncomeFromContinuingOperations": "277214000",
            "comprehensiveIncomeNetOfTax": "135423000",
            "ebit": "851679000",
            "ebitda": "416878000",
            "netIncome": "277723000"
        },
        {
            "fiscalDateEnding": "2020-12-31",
            "reportedCurrency": "USD",
            "grossProfit": "956797000",
            "totalRevenue": "2391269000",
            "costOfRevenue": "1434472000",
            "costofGoodsAndServicesSold": "635833000",
            "operatingIncome": "745715000",
            "sellingGeneralAndAdministrative": "791114000",
            "researchAndDevelopment": "169811000",
            "operatingExpenses": "1003450000",
            "investmentIncomeNet": "2700000",
            "netInterestIncome": "-174791000",
            "interestIncome": "-44167000",
            "interestExpense": "130624000",
            "nonInterestIncome": "2375369000",
            "otherNonOperatingIncome": "15861000",
            "depreciation": "41271000",
            "depreciationAndAmortization": "7525000",
            "incomeBeforeTax": "171834000",
            "incomeTaxExpense": "43273000",
            "interestAndDebtExpense": "191291000",
            "netIncomeFromContinuingOperations": "528080000",
            "comprehensiveIncomeNetOfTax": "202815000",
            "ebit": "745715000",
            "ebitda": "309983000",
            "netIncome": "128561000"
        },
        {
            "fiscalDateEnding": "2019-12-31",
            "reportedCurrency": "USD",
            "grossProfit": "923838000",
            "totalRevenue": "2051258000",
            "costOfRevenue": "1127420000",
            "costofGoodsAndServicesSold": "527184000",
            "operatingIncome": "645454000",
            "sellingGeneralAndAdministrative": "2518573000",
            "researchAndDevelopment": "151960000",
            "operatingExpenses": "3025688000",
            "investmentIncomeNet": "4400000",
            "netInterestIncome": "-153563000",
            "interestIncome": "-42555000",
            "interestExpense": "111008000",
            "nonInterestIncome": "4780131000",
            "otherNonOperatingIncome": "None",
            "depreciation": "34355000",
            "depreciationAndAmortization": "92595000",
            "incomeBeforeTax": "446211000",
            "incomeTaxExpense": "15080000",
            "interestAndDebtExpense": "153563000",
            "netIncomeFromContinuingOperations": "413939000",
            "comprehensiveIncomeNetOfTax": "445896000",
            "ebit": "645454000",
            "ebitda": "649814000",
            "netIncome": "431131000"
        },
        {
            "fiscalDateEnding": "2018-12-31",
            "reportedCurrency": "USD",
            "grossProfit": "818704000",
            "totalRevenue": "1729850000",
            "costOfRevenue": "911146000",
            "costofGoodsAndServicesSold": "410000000",
            "operatingIncome": "549469000",
            "sellingGeneralAndAdministrative": "2293519000",
            "researchAndDevelopment": "132030000",
            "operatingExpenses": "2760292000",
            "investmentIncomeNet": "4900000",
            "netInterestIncome": "-109327000",
            "interestIncome": "-14759000",
            "interestExpense": "94568000",
            "nonInterestIncome": "4290766000",
            "otherNonOperatingIncome": "7765000",
            "depreciation": "34827000",
            "depreciationAndAmortization": "108399000",
            "incomeBeforeTax": "638268000",
            "incomeTaxExpense": "11307000",
            "interestAndDebtExpense": "109327000",
            "netIncomeFromContinuingOperations": "365917000",
            "comprehensiveIncomeNetOfTax": "601683000",
            "ebit": "549469000",
            "ebitda": "841235000",
            "netIncome": "626961000"
        }
    ],
    "quarterlyReports": [
        {
            "fiscalDateEnding": "2022-12-31",
            "reportedCurrency": "USD",
            "grossProfit": "172318000",
            "totalRevenue": "786153000",
            "costOfRevenue": "613835000",
            "costofGoodsAndServicesSold": "235925000",
            "operatingIncome": "106633000",
            "sellingGeneralAndAdministrative": "237691000",
            "researchAndDevelopment": "80555000",
            "operatingExpenses": "455765000",
            "investmentIncomeNet": "None",
            "netInterestIncome": "-38214000",
            "interestIncome": "None",
            "interestExpense": "38214000",
            "nonInterestIncome": "784153000",
            "otherNonOperatingIncome": "-402000",
            "depreciation": "10930000",
            "depreciationAndAmortization": "114419000",
            "incomeBeforeTax": "66936000",
            "incomeTaxExpense": "-17639000",
            "interestAndDebtExpense": "38214000",
            "netIncomeFromContinuingOperations": "86786000",
            "comprehensiveIncomeNetOfTax": "281994000",
            "ebit": "106633000",
            "ebitda": "219569000",
            "netIncome": "84575000"
        },
        {
            "fiscalDateEnding": "2022-09-30",
            "reportedCurrency": "USD",
            "grossProfit": "318800000",
            "totalRevenue": "809546000",
            "costOfRevenue": "490746000",
            "costofGoodsAndServicesSold": "246962000",
            "operatingIncome": "210635000",
            "sellingGeneralAndAdministrative": "243784000",
            "researchAndDevelopment": "87880000",
            "operatingExpenses": "331664000",
            "investmentIncomeNet": "None",
            "netInterestIncome": "-36814000",
            "interestIncome": "None",
            "interestExpense": "36814000",
            "nonInterestIncome": "809546000",
            "otherNonOperatingIncome": "2326000",
            "depreciation": "10679000",
            "depreciationAndAmortization": "9606000",
            "incomeBeforeTax": "176577000",
            "incomeTaxExpense": "47881000",
            "interestAndDebtExpense": "36814000",
            "netIncomeFromContinuingOperations": "128696000",
            "comprehensiveIncomeNetOfTax": "-30068000",
            "ebit": "210635000",
            "ebitda": "222997000",
            "netIncome": "128696000"
        },
        {
            "fiscalDateEnding": "2022-06-30",
            "reportedCurrency": "USD",
            "grossProfit": "99956000",
            "totalRevenue": "794513000",
            "costOfRevenue": "694557000",
            "costofGoodsAndServicesSold": "240840000",
            "operatingIncome": "-10081000",
            "sellingGeneralAndAdministrative": "236317000",
            "researchAndDevelopment": "86410000",
            "operatingExpenses": "540127000",
            "investmentIncomeNet": "None",
            "netInterestIncome": "-35623000",
            "interestIncome": "None",
            "interestExpense": "35623000",
            "nonInterestIncome": "794513000",
            "otherNonOperatingIncome": "5291000",
            "depreciation": "11488000",
            "depreciationAndAmortization": "229539000",
            "incomeBeforeTax": "-39906000",
            "incomeTaxExpense": "-8048000",
            "interestAndDebtExpense": "35623000",
            "netIncomeFromContinuingOperations": "-31858000",
            "comprehensiveIncomeNetOfTax": "-170478000",
            "ebit": "-10081000",
            "ebitda": "225256000",
            "netIncome": "-31858000"
        },
        {
            "fiscalDateEnding": "2022-03-31",
            "reportedCurrency": "USD",
            "grossProfit": "297109000",
            "totalRevenue": "798631000",
            "costOfRevenue": "501522000",
            "costofGoodsAndServicesSold": "236236000",
            "operatingIncome": "207818000",
            "sellingGeneralAndAdministrative": "252593000",
            "researchAndDevelopment": "78794000",
            "operatingExpenses": "344080000",
            "investmentIncomeNet": "None",
            "netInterestIncome": "-34896000",
            "interestIncome": "None",
            "interestExpense": "34896000",
            "nonInterestIncome": "798631000",
            "otherNonOperatingIncome": "818000",
            "depreciation": "10497000",
            "depreciationAndAmortization": "12693000",
            "incomeBeforeTax": "173666000",
            "incomeTaxExpense": "-6867000",
            "interestAndDebtExpense": "34896000",
            "netIncomeFromContinuingOperations": "180533000",
            "comprehensiveIncomeNetOfTax": "135070000",
            "ebit": "207818000",
            "ebitda": "221255000",
            "netIncome": "180533000"
        },
        {
            "fiscalDateEnding": "2021-12-31",
            "reportedCurrency": "USD",
            "grossProfit": "571527000",
            "totalRevenue": "806070000",
            "costOfRevenue": "234543000",
            "costofGoodsAndServicesSold": "234543000",
            "operatingIncome": "231917000",
            "sellingGeneralAndAdministrative": "249426000",
            "researchAndDevelopment": "66366000",
            "operatingExpenses": "441000000",
            "investmentIncomeNet": "None",
            "netInterestIncome": "-34586000",
            "interestIncome": "None",
            "interestExpense": "34586000",
            "nonInterestIncome": "804270000",
            "otherNonOperatingIncome": "-424152000",
            "depreciation": "10780000",
            "depreciationAndAmortization": "13038000",
            "incomeBeforeTax": "5096000",
            "incomeTaxExpense": "-58097000",
            "interestAndDebtExpense": "34586000",
            "netIncomeFromContinuingOperations": "-168632000",
            "comprehensiveIncomeNetOfTax": "-188989000",
            "ebit": "231917000",
            "ebitda": "52720000",
            "netIncome": "63193000"
        },
        {
            "fiscalDateEnding": "2021-09-30",
            "reportedCurrency": "USD",
            "grossProfit": "297668000",
            "totalRevenue": "801835000",
            "costOfRevenue": "504167000",
            "costofGoodsAndServicesSold": "232211000",
            "operatingIncome": "220590000",
            "sellingGeneralAndAdministrative": "256890000",
            "researchAndDevelopment": "66974000",
            "operatingExpenses": "338930000",
            "investmentIncomeNet": "None",
            "netInterestIncome": "-31850000",
            "interestIncome": "None",
            "interestExpense": "31850000",
            "nonInterestIncome": "801835000",
            "otherNonOperatingIncome": "-39212000",
            "depreciation": "10104000",
            "depreciationAndAmortization": "15066000",
            "incomeBeforeTax": "149837000",
            "incomeTaxExpense": "18627000",
            "interestAndDebtExpense": "31850000",
            "netIncomeFromContinuingOperations": "131210000",
            "comprehensiveIncomeNetOfTax": "31902000",
            "ebit": "220590000",
            "ebitda": "196753000",
            "netIncome": "131210000"
        },
        {
            "fiscalDateEnding": "2021-06-30",
            "reportedCurrency": "USD",
            "grossProfit": "272108000",
            "totalRevenue": "707760000",
            "costOfRevenue": "435652000",
            "costofGoodsAndServicesSold": "193099000",
            "operatingIncome": "209914000",
            "sellingGeneralAndAdministrative": "242311000",
            "researchAndDevelopment": "52133000",
            "operatingExpenses": "294686000",
            "investmentIncomeNet": "None",
            "netInterestIncome": "-32219000",
            "interestIncome": "None",
            "interestExpense": "32219000",
            "nonInterestIncome": "707760000",
            "otherNonOperatingIncome": "-355000",
            "depreciation": "10061000",
            "depreciationAndAmortization": "242000",
            "incomeBeforeTax": "178195000",
            "incomeTaxExpense": "37300000",
            "interestAndDebtExpense": "32219000",
            "netIncomeFromContinuingOperations": "140386000",
            "comprehensiveIncomeNetOfTax": "138836000",
            "ebit": "209914000",
            "ebitda": "210656000",
            "netIncome": "140895000"
        },
        {
            "fiscalDateEnding": "2021-03-31",
            "reportedCurrency": "USD",
            "grossProfit": "255291000",
            "totalRevenue": "667612000",
            "costOfRevenue": "412321000",
            "costofGoodsAndServicesSold": "179455000",
            "operatingIncome": "189258000",
            "sellingGeneralAndAdministrative": "232653000",
            "researchAndDevelopment": "55576000",
            "operatingExpenses": "288442000",
            "investmentIncomeNet": "None",
            "netInterestIncome": "-31838000",
            "interestIncome": "None",
            "interestExpense": "31838000",
            "nonInterestIncome": "667612000",
            "otherNonOperatingIncome": "-1319000",
            "depreciation": "10457000",
            "depreciationAndAmortization": "213000",
            "incomeBeforeTax": "156503000",
            "incomeTaxExpense": "-17747000",
            "interestAndDebtExpense": "31838000",
            "netIncomeFromContinuingOperations": "174250000",
            "comprehensiveIncomeNetOfTax": "153674000",
            "ebit": "189258000",
            "ebitda": "188554000",
            "netIncome": "174250000"
        },
        {
            "fiscalDateEnding": "2020-12-31",
            "reportedCurrency": "USD",
            "grossProfit": "478144000",
            "totalRevenue": "651407000",
            "costOfRevenue": "173263000",
            "costofGoodsAndServicesSold": "173263000",
            "operatingIncome": "212582000",
            "sellingGeneralAndAdministrative": "209480000",
            "researchAndDevelopment": "44832000",
            "operatingExpenses": "289575000",
            "investmentIncomeNet": "None",
            "netInterestIncome": "-31970000",
            "interestIncome": "None",
            "interestExpense": "31970000",
            "nonInterestIncome": "635507000",
            "otherNonOperatingIncome": "50267000",
            "depreciation": "10987000",
            "depreciationAndAmortization": "263000",
            "incomeBeforeTax": "381258000",
            "incomeTaxExpense": "28497000",
            "interestAndDebtExpense": "31970000",
            "netIncomeFromContinuingOperations": "149035000",
            "comprehensiveIncomeNetOfTax": "175692000",
            "ebit": "212582000",
            "ebitda": "413491000",
            "netIncome": "352761000"
        },
        {
            "fiscalDateEnding": "2020-09-30",
            "reportedCurrency": "USD",
            "grossProfit": "250668000",
            "totalRevenue": "639770000",
            "costOfRevenue": "389102000",
            "costofGoodsAndServicesSold": "169823000",
            "operatingIncome": "200167000",
            "sellingGeneralAndAdministrative": "218820000",
            "researchAndDevelopment": "39280000",
            "operatingExpenses": "258559000",
            "investmentIncomeNet": "None",
            "netInterestIncome": "-43189000",
            "interestIncome": "-11180000",
            "interestExpense": "32009000",
            "nonInterestIncome": "639770000",
            "otherNonOperatingIncome": "None",
            "depreciation": "11221000",
            "depreciationAndAmortization": "459000",
            "incomeBeforeTax": "158681000",
            "incomeTaxExpense": "26100000",
            "interestAndDebtExpense": "43189000",
            "netIncomeFromContinuingOperations": "140699000",
            "comprehensiveIncomeNetOfTax": "157408000",
            "ebit": "200167000",
            "ebitda": "191149000",
            "netIncome": "132581000"
        },
        {
            "fiscalDateEnding": "2020-06-30",
            "reportedCurrency": "USD",
            "grossProfit": "247192000",
            "totalRevenue": "555450000",
            "costOfRevenue": "308258000",
            "costofGoodsAndServicesSold": "148853000",
            "operatingIncome": "195594000",
            "sellingGeneralAndAdministrative": "159005000",
            "researchAndDevelopment": "41929000",
            "operatingExpenses": "201334000",
            "investmentIncomeNet": "None",
            "netInterestIncome": "-45647000",
            "interestIncome": "-10896000",
            "interestExpense": "34751000",
            "nonInterestIncome": "555450000",
            "otherNonOperatingIncome": "None",
            "depreciation": "9669000",
            "depreciationAndAmortization": "400000",
            "incomeBeforeTax": "103297000",
            "incomeTaxExpense": "36856000",
            "interestAndDebtExpense": "45647000",
            "netIncomeFromContinuingOperations": "111581000",
            "comprehensiveIncomeNetOfTax": "93884000",
            "ebit": "195594000",
            "ebitda": "138448000",
            "netIncome": "66441000"
        },
        {
            "fiscalDateEnding": "2020-03-31",
            "reportedCurrency": "USD",
            "grossProfit": "-116901000",
            "totalRevenue": "544642000",
            "costOfRevenue": "1300812000",
            "costofGoodsAndServicesSold": "143894000",
            "operatingIncome": "137372000",
            "sellingGeneralAndAdministrative": "688718000",
            "researchAndDevelopment": "43770000",
            "operatingExpenses": "1103255000",
            "investmentIncomeNet": "None",
            "netInterestIncome": "-44866000",
            "interestIncome": "-12972000",
            "interestExpense": "31894000",
            "nonInterestIncome": "1228777000",
            "otherNonOperatingIncome": "3854000",
            "depreciation": "9394000",
            "depreciationAndAmortization": "76900000",
            "incomeBeforeTax": "-259242000",
            "incomeTaxExpense": "-48202000",
            "interestAndDebtExpense": "44866000",
            "netIncomeFromContinuingOperations": "126765000",
            "comprehensiveIncomeNetOfTax": "-224169000",
            "ebit": "-227348000",
            "ebitda": "-150448000",
            "netIncome": "-211040000"
        },
        {
            "fiscalDateEnding": "2019-12-31",
            "reportedCurrency": "USD",
            "grossProfit": "252592000",
            "totalRevenue": "547167000",
            "costOfRevenue": "294575000",
            "costofGoodsAndServicesSold": "142070000",
            "operatingIncome": "181349000",
            "sellingGeneralAndAdministrative": "614720000",
            "researchAndDevelopment": "38397000",
            "operatingExpenses": "696886000",
            "investmentIncomeNet": "None",
            "netInterestIncome": "-43082000",
            "interestIncome": "-32064000",
            "interestExpense": "11018000",
            "nonInterestIncome": "1217680000",
            "otherNonOperatingIncome": "None",
            "depreciation": "8777000",
            "depreciationAndAmortization": "-36133000",
            "incomeBeforeTax": "146098000",
            "incomeTaxExpense": "21826000",
            "interestAndDebtExpense": "43082000",
            "netIncomeFromContinuingOperations": "117364000",
            "comprehensiveIncomeNetOfTax": "131493000",
            "ebit": "181349000",
            "ebitda": "120983000",
            "netIncome": "124272000"
        },
        {
            "fiscalDateEnding": "2019-09-30",
            "reportedCurrency": "USD",
            "grossProfit": "245108000",
            "totalRevenue": "541493000",
            "costOfRevenue": "296385000",
            "costofGoodsAndServicesSold": "138225000",
            "operatingIncome": "175236000",
            "sellingGeneralAndAdministrative": "631761000",
            "researchAndDevelopment": "36609000",
            "operatingExpenses": "764637000",
            "investmentIncomeNet": "None",
            "netInterestIncome": "-42132000",
            "interestIncome": "-3139000",
            "interestExpense": "38993000",
            "nonInterestIncome": "1246866000",
            "otherNonOperatingIncome": "2787000",
            "depreciation": "8533000",
            "depreciationAndAmortization": "46276000",
            "incomeBeforeTax": "129784000",
            "incomeTaxExpense": "1240000",
            "interestAndDebtExpense": "42132000",
            "netIncomeFromContinuingOperations": "108474000",
            "comprehensiveIncomeNetOfTax": "110155000",
            "ebit": "168777000",
            "ebitda": "215053000",
            "netIncome": "128544000"
        },
        {
            "fiscalDateEnding": "2019-06-30",
            "reportedCurrency": "USD",
            "grossProfit": "221584000",
            "totalRevenue": "497973000",
            "costOfRevenue": "276389000",
            "costofGoodsAndServicesSold": "126665000",
            "operatingIncome": "171309000",
            "sellingGeneralAndAdministrative": "636616000",
            "researchAndDevelopment": "32680000",
            "operatingExpenses": "755959000",
            "investmentIncomeNet": "None",
            "netInterestIncome": "-37206000",
            "interestIncome": "-3661000",
            "interestExpense": "33545000",
            "nonInterestIncome": "1186624000",
            "otherNonOperatingIncome": "2538000",
            "depreciation": "8752000",
            "depreciationAndAmortization": "40729000",
            "incomeBeforeTax": "134543000",
            "incomeTaxExpense": "21076000",
            "interestAndDebtExpense": "37206000",
            "netIncomeFromContinuingOperations": "94134000",
            "comprehensiveIncomeNetOfTax": "114558000",
            "ebit": "168088000",
            "ebitda": "208817000",
            "netIncome": "113467000"
        },
        {
            "fiscalDateEnding": "2019-03-31",
            "reportedCurrency": "USD",
            "grossProfit": "204554000",
            "totalRevenue": "464625000",
            "costOfRevenue": "260071000",
            "costofGoodsAndServicesSold": "120224000",
            "operatingIncome": "117560000",
            "sellingGeneralAndAdministrative": "635476000",
            "researchAndDevelopment": "88700000",
            "operatingExpenses": "789004000",
            "investmentIncomeNet": "None",
            "netInterestIncome": "-31143000",
            "interestIncome": "22086000",
            "interestExpense": "31143000",
            "nonInterestIncome": "1095921000",
            "otherNonOperatingIncome": "-1488000",
            "depreciation": "18971000",
            "depreciationAndAmortization": "41723000",
            "incomeBeforeTax": "25091000",
            "incomeTaxExpense": "-63604000",
            "interestAndDebtExpense": "31143000",
            "netIncomeFromContinuingOperations": "93966000",
            "comprehensiveIncomeNetOfTax": "89690000",
            "ebit": "56234000",
            "ebitda": "97957000",
            "netIncome": "88695000"
        },
        {
            "fiscalDateEnding": "2018-12-31",
            "reportedCurrency": "USD",
            "grossProfit": "863478000",
            "totalRevenue": "1117200000",
            "costOfRevenue": "253722000",
            "costofGoodsAndServicesSold": "-247424000",
            "operatingIncome": "133920000",
            "sellingGeneralAndAdministrative": "570775000",
            "researchAndDevelopment": "-98092000",
            "operatingExpenses": "27700000",
            "investmentIncomeNet": "None",
            "netInterestIncome": "-27856000",
            "interestIncome": "-14759000",
            "interestExpense": "13097000",
            "nonInterestIncome": "1104103000",
            "otherNonOperatingIncome": "None",
            "depreciation": "-22160000",
            "depreciationAndAmortization": "-8881000",
            "incomeBeforeTax": "244671000",
            "incomeTaxExpense": "27194000",
            "interestAndDebtExpense": "27856000",
            "netIncomeFromContinuingOperations": "-174353000",
            "comprehensiveIncomeNetOfTax": "176090000",
            "ebit": "133920000",
            "ebitda": "248887000",
            "netIncome": "217477000"
        },
        {
            "fiscalDateEnding": "2018-09-30",
            "reportedCurrency": "USD",
            "grossProfit": "225164000",
            "totalRevenue": "1079184000",
            "costOfRevenue": "237238000",
            "costofGoodsAndServicesSold": "237238000",
            "operatingIncome": "172832000",
            "sellingGeneralAndAdministrative": "577705000",
            "researchAndDevelopment": "77740000",
            "operatingExpenses": "694522000",
            "investmentIncomeNet": "None",
            "netInterestIncome": "-27610000",
            "interestIncome": "None",
            "interestExpense": "27610000",
            "nonInterestIncome": "1106094000",
            "otherNonOperatingIncome": "894000",
            "depreciation": "18925000",
            "depreciationAndAmortization": "39077000",
            "incomeBeforeTax": "127532000",
            "incomeTaxExpense": "-18242000",
            "interestAndDebtExpense": "27610000",
            "netIncomeFromContinuingOperations": "171535000",
            "comprehensiveIncomeNetOfTax": "145245000",
            "ebit": "155142000",
            "ebitda": "194219000",
            "netIncome": "145774000"
        },
        {
            "fiscalDateEnding": "2018-06-30",
            "reportedCurrency": "USD",
            "grossProfit": "272606000",
            "totalRevenue": "1069041000",
            "costOfRevenue": "218224000",
            "costofGoodsAndServicesSold": "218224000",
            "operatingIncome": "168437000",
            "sellingGeneralAndAdministrative": "558023000",
            "researchAndDevelopment": "75445000",
            "operatingExpenses": "653656000",
            "investmentIncomeNet": "None",
            "netInterestIncome": "-27356000",
            "interestIncome": "None",
            "interestExpense": "27356000",
            "nonInterestIncome": "1096397000",
            "otherNonOperatingIncome": "11004000",
            "depreciation": "18805000",
            "depreciationAndAmortization": "20188000",
            "incomeBeforeTax": "249753000",
            "incomeTaxExpense": "31400000",
            "interestAndDebtExpense": "27356000",
            "netIncomeFromContinuingOperations": "280854000",
            "comprehensiveIncomeNetOfTax": "180909000",
            "ebit": "277109000",
            "ebitda": "297297000",
            "netIncome": "218353000"
        },
        {
            "fiscalDateEnding": "2018-03-31",
            "reportedCurrency": "USD",
            "grossProfit": "793113000",
            "totalRevenue": "995075000",
            "costOfRevenue": "201962000",
            "costofGoodsAndServicesSold": "201962000",
            "operatingIncome": "89950000",
            "sellingGeneralAndAdministrative": "587016000",
            "researchAndDevelopment": "76937000",
            "operatingExpenses": "683906000",
            "investmentIncomeNet": "None",
            "netInterestIncome": "-26505000",
            "interestIncome": "None",
            "interestExpense": "26505000",
            "nonInterestIncome": "995075000",
            "otherNonOperatingIncome": "-7221000",
            "depreciation": "19257000",
            "depreciationAndAmortization": "19953000",
            "incomeBeforeTax": "42069000",
            "incomeTaxExpense": "-29013000",
            "interestAndDebtExpense": "26505000",
            "netIncomeFromContinuingOperations": "87839000",
            "comprehensiveIncomeNetOfTax": "99439000",
            "ebit": "68574000",
            "ebitda": "88527000",
            "netIncome": "71082000"
        }
    ]
}