{
    "symbol": "PARA",
    "annualReports": [
        {
            "fiscalDateEnding": "2022-12-31",
            "reportedCurrency": "USD",
            "grossProfit": "1378000000",
            "totalRevenue": "29122000000",
            "costOfRevenue": "27744000000",
            "costofGoodsAndServicesSold": "19845000000",
            "operatingIncome": "2342000000",
            "sellingGeneralAndAdministrative": "7033000000",
            "researchAndDevelopment": "None",
            "operatingExpenses": "7874000000",
            "investmentIncomeNet": "None",
            "netInterestIncome": "-931000000",
            "interestIncome": "108000000",
            "interestExpense": "931000000",
            "nonInterestIncome": "29976000000",
            "otherNonOperatingIncome": "-124000000",
            "depreciation": "337000000",
            "depreciationAndAmortization": "405000000",
            "incomeBeforeTax": "1331000000",
            "incomeTaxExpense": "227000000",
            "interestAndDebtExpense": "1051000000",
            "netIncomeFromContinuingOperations": "725000000",
            "comprehensiveIncomeNetOfTax": "1199000000",
            "ebit": "2262000000",
            "ebitda": "2667000000",
            "netIncome": "1104000000"
        },
        {
            "fiscalDateEnding": "2021-12-31",
            "reportedCurrency": "USD",
            "grossProfit": "3009000000",
            "totalRevenue": "27728000000",
            "costOfRevenue": "24719000000",
            "costofGoodsAndServicesSold": "17744000000",
            "operatingIncome": "6297000000",
            "sellingGeneralAndAdministrative": "6398000000",
            "researchAndDevelopment": "None",
            "operatingExpenses": "6823000000",
            "investmentIncomeNet": "None",
            "netInterestIncome": "-986000000",
            "interestIncome": "53000000",
            "interestExpense": "986000000",
            "nonInterestIncome": "28549000000",
            "otherNonOperatingIncome": "-77000000",
            "depreciation": "344000000",
            "depreciationAndAmortization": "390000000",
            "incomeBeforeTax": "5189000000",
            "incomeTaxExpense": "646000000",
            "interestAndDebtExpense": "1114000000",
            "netIncomeFromContinuingOperations": "4381000000",
            "comprehensiveIncomeNetOfTax": "4473000000",
            "ebit": "6175000000",
            "ebitda": "6565000000",
            "netIncome": "4543000000"
        },
        {
            "fiscalDateEnding": "2020-12-31",
            "reportedCurrency": "USD",
            "grossProfit": "2792000000",
            "totalRevenue": "24250000000",
            "costOfRevenue": "21458000000",
            "costofGoodsAndServicesSold": "14992000000",
            "operatingIncome": "4139000000",
            "sellingGeneralAndAdministrative": "5320000000",
            "researchAndDevelopment": "None",
            "operatingExpenses": "6429000000",
            "investmentIncomeNet": "None",
            "netInterestIncome": "-1031000000",
            "interestIncome": "60000000",
            "interestExpense": "1031000000",
            "nonInterestIncome": "25124000000",
            "otherNonOperatingIncome": "-101000000",
            "depreciation": "345000000",
            "depreciationAndAmortization": "430000000",
            "incomeBeforeTax": "2957000000",
            "incomeTaxExpense": "535000000",
            "interestAndDebtExpense": "1157000000",
            "netIncomeFromContinuingOperations": "2305000000",
            "comprehensiveIncomeNetOfTax": "2560000000",
            "ebit": "3988000000",
            "ebitda": "4418000000",
            "netIncome": "2422000000"
        },
        {
            "fiscalDateEnding": "2019-12-31",
            "reportedCurrency": "USD",
            "grossProfit": "2860000000",
            "totalRevenue": "27013000000",
            "costOfRevenue": "24153000000",
            "costofGoodsAndServicesSold": "17223000000",
            "operatingIncome": "4146000000",
            "sellingGeneralAndAdministrative": "5481000000",
            "researchAndDevelopment": "None",
            "operatingExpenses": "6325000000",
            "investmentIncomeNet": "None",
            "netInterestIncome": "-962000000",
            "interestIncome": "66000000",
            "interestExpense": "962000000",
            "nonInterestIncome": "27795000000",
            "otherNonOperatingIncome": "-112000000",
            "depreciation": "362000000",
            "depreciationAndAmortization": "438000000",
            "incomeBeforeTax": "3279000000",
            "incomeTaxExpense": "-29000000",
            "interestAndDebtExpense": "962000000",
            "netIncomeFromContinuingOperations": "3168000000",
            "comprehensiveIncomeNetOfTax": "3176000000",
            "ebit": "4241000000",
            "ebitda": "4679000000",
            "netIncome": "3308000000"
        },
        {
            "fiscalDateEnding": "2018-12-31",
            "reportedCurrency": "USD",
            "grossProfit": "2363000000",
            "totalRevenue": "14044000000",
            "costOfRevenue": "11681000000",
            "costofGoodsAndServicesSold": "9111000000",
            "operatingIncome": "5062000000",
            "sellingGeneralAndAdministrative": "5048000000",
            "researchAndDevelopment": "None",
            "operatingExpenses": "2512000000",
            "investmentIncomeNet": "None",
            "netInterestIncome": "-467000000",
            "interestIncome": "563000000",
            "interestExpense": "1030000000",
            "nonInterestIncome": "14511000000",
            "otherNonOperatingIncome": "-92000000",
            "depreciation": "377000000",
            "depreciationAndAmortization": "427000000",
            "incomeBeforeTax": "4035000000",
            "incomeTaxExpense": "580000000",
            "interestAndDebtExpense": "467000000",
            "netIncomeFromContinuingOperations": "3320000000",
            "comprehensiveIncomeNetOfTax": "3146000000",
            "ebit": "5065000000",
            "ebitda": "5492000000",
            "netIncome": "3455000000"
        }
    ],
    "quarterlyReports": [
        {
            "fiscalDateEnding": "2022-12-31",
            "reportedCurrency": "USD",
            "grossProfit": "-118000000",
            "totalRevenue": "7870000000",
            "costOfRevenue": "7988000000",
            "costofGoodsAndServicesSold": "5483000000",
            "operatingIncome": "182000000",
            "sellingGeneralAndAdministrative": "2034000000",
            "researchAndDevelopment": "None",
            "operatingExpenses": "2480000000",
            "investmentIncomeNet": "None",
            "netInterestIncome": "-230000000",
            "interestIncome": "35000000",
            "interestExpense": "230000000",
            "nonInterestIncome": "8073000000",
            "otherNonOperatingIncome": "-33000000",
            "depreciation": "None",
            "depreciationAndAmortization": "123000000",
            "incomeBeforeTax": "-16000000",
            "incomeTaxExpense": "-37000000",
            "interestAndDebtExpense": "230000000",
            "netIncomeFromContinuingOperations": "-177000000",
            "comprehensiveIncomeNetOfTax": "533000000",
            "ebit": "214000000",
            "ebitda": "337000000",
            "netIncome": "21000000"
        },
        {
            "fiscalDateEnding": "2022-09-30",
            "reportedCurrency": "USD",
            "grossProfit": "394000000",
            "totalRevenue": "6701000000",
            "costOfRevenue": "6307000000",
            "costofGoodsAndServicesSold": "4460000000",
            "operatingIncome": "566000000",
            "sellingGeneralAndAdministrative": "1670000000",
            "researchAndDevelopment": "None",
            "operatingExpenses": "1847000000",
            "investmentIncomeNet": "None",
            "netInterestIncome": "-231000000",
            "interestIncome": "33000000",
            "interestExpense": "231000000",
            "nonInterestIncome": "6916000000",
            "otherNonOperatingIncome": "-36000000",
            "depreciation": "None",
            "depreciationAndAmortization": "92000000",
            "incomeBeforeTax": "332000000",
            "incomeTaxExpense": "101000000",
            "interestAndDebtExpense": "231000000",
            "netIncomeFromContinuingOperations": "153000000",
            "comprehensiveIncomeNetOfTax": "-8000000",
            "ebit": "563000000",
            "ebitda": "655000000",
            "netIncome": "231000000"
        },
        {
            "fiscalDateEnding": "2022-06-30",
            "reportedCurrency": "USD",
            "grossProfit": "601000000",
            "totalRevenue": "7521000000",
            "costOfRevenue": "6920000000",
            "costofGoodsAndServicesSold": "5106000000",
            "operatingIncome": "819000000",
            "sellingGeneralAndAdministrative": "1710000000",
            "researchAndDevelopment": "None",
            "operatingExpenses": "1814000000",
            "investmentIncomeNet": "None",
            "netInterestIncome": "-230000000",
            "interestIncome": "19000000",
            "interestExpense": "230000000",
            "nonInterestIncome": "7732000000",
            "otherNonOperatingIncome": "-42000000",
            "depreciation": "None",
            "depreciationAndAmortization": "94000000",
            "incomeBeforeTax": "548000000",
            "incomeTaxExpense": "129000000",
            "interestAndDebtExpense": "277000000",
            "netIncomeFromContinuingOperations": "358000000",
            "comprehensiveIncomeNetOfTax": "263000000",
            "ebit": "778000000",
            "ebitda": "872000000",
            "netIncome": "419000000"
        },
        {
            "fiscalDateEnding": "2022-03-31",
            "reportedCurrency": "USD",
            "grossProfit": "501000000",
            "totalRevenue": "7030000000",
            "costOfRevenue": "6529000000",
            "costofGoodsAndServicesSold": "4796000000",
            "operatingIncome": "775000000",
            "sellingGeneralAndAdministrative": "1619000000",
            "researchAndDevelopment": "None",
            "operatingExpenses": "1733000000",
            "investmentIncomeNet": "None",
            "netInterestIncome": "-240000000",
            "interestIncome": "21000000",
            "interestExpense": "240000000",
            "nonInterestIncome": "7255000000",
            "otherNonOperatingIncome": "-13000000",
            "depreciation": "None",
            "depreciationAndAmortization": "96000000",
            "incomeBeforeTax": "467000000",
            "incomeTaxExpense": "34000000",
            "interestAndDebtExpense": "313000000",
            "netIncomeFromContinuingOperations": "391000000",
            "comprehensiveIncomeNetOfTax": "411000000",
            "ebit": "707000000",
            "ebitda": "803000000",
            "netIncome": "433000000"
        },
        {
            "fiscalDateEnding": "2021-12-31",
            "reportedCurrency": "USD",
            "grossProfit": "205000000",
            "totalRevenue": "7855000000",
            "costOfRevenue": "7650000000",
            "costofGoodsAndServicesSold": "5452000000",
            "operatingIncome": "2664000000",
            "sellingGeneralAndAdministrative": "1991000000",
            "researchAndDevelopment": "None",
            "operatingExpenses": "2162000000",
            "investmentIncomeNet": "None",
            "netInterestIncome": "-241000000",
            "interestIncome": "16000000",
            "interestExpense": "241000000",
            "nonInterestIncome": "8044000000",
            "otherNonOperatingIncome": "-22000000",
            "depreciation": "None",
            "depreciationAndAmortization": "101000000",
            "incomeBeforeTax": "2392000000",
            "incomeTaxExpense": "334000000",
            "interestAndDebtExpense": "241000000",
            "netIncomeFromContinuingOperations": "2022000000",
            "comprehensiveIncomeNetOfTax": "2039000000",
            "ebit": "2633000000",
            "ebitda": "2734000000",
            "netIncome": "2058000000"
        },
        {
            "fiscalDateEnding": "2021-09-30",
            "reportedCurrency": "USD",
            "grossProfit": "673000000",
            "totalRevenue": "6404000000",
            "costOfRevenue": "5731000000",
            "costofGoodsAndServicesSold": "4064000000",
            "operatingIncome": "879000000",
            "sellingGeneralAndAdministrative": "1526000000",
            "researchAndDevelopment": "None",
            "operatingExpenses": "1667000000",
            "investmentIncomeNet": "None",
            "netInterestIncome": "-243000000",
            "interestIncome": "11000000",
            "interestExpense": "243000000",
            "nonInterestIncome": "6605000000",
            "otherNonOperatingIncome": "-26000000",
            "depreciation": "None",
            "depreciationAndAmortization": "95000000",
            "incomeBeforeTax": "658000000",
            "incomeTaxExpense": "120000000",
            "interestAndDebtExpense": "243000000",
            "netIncomeFromContinuingOperations": "465000000",
            "comprehensiveIncomeNetOfTax": "508000000",
            "ebit": "901000000",
            "ebitda": "996000000",
            "netIncome": "538000000"
        },
        {
            "fiscalDateEnding": "2021-06-30",
            "reportedCurrency": "USD",
            "grossProfit": "939000000",
            "totalRevenue": "6393000000",
            "costOfRevenue": "5454000000",
            "costofGoodsAndServicesSold": "3865000000",
            "operatingIncome": "1226000000",
            "sellingGeneralAndAdministrative": "1459000000",
            "researchAndDevelopment": "None",
            "operatingExpenses": "1473000000",
            "investmentIncomeNet": "None",
            "netInterestIncome": "-243000000",
            "interestIncome": "13000000",
            "interestExpense": "243000000",
            "nonInterestIncome": "6601000000",
            "otherNonOperatingIncome": "-10000000",
            "depreciation": "None",
            "depreciationAndAmortization": "95000000",
            "incomeBeforeTax": "1002000000",
            "incomeTaxExpense": "-34000000",
            "interestAndDebtExpense": "243000000",
            "netIncomeFromContinuingOperations": "995000000",
            "comprehensiveIncomeNetOfTax": "1065000000",
            "ebit": "1245000000",
            "ebitda": "1340000000",
            "netIncome": "1036000000"
        },
        {
            "fiscalDateEnding": "2021-03-31",
            "reportedCurrency": "USD",
            "grossProfit": "1177000000",
            "totalRevenue": "7061000000",
            "costOfRevenue": "5884000000",
            "costofGoodsAndServicesSold": "4363000000",
            "operatingIncome": "1528000000",
            "sellingGeneralAndAdministrative": "1422000000",
            "researchAndDevelopment": "None",
            "operatingExpenses": "1521000000",
            "investmentIncomeNet": "None",
            "netInterestIncome": "-259000000",
            "interestIncome": "13000000",
            "interestExpense": "259000000",
            "nonInterestIncome": "7284000000",
            "otherNonOperatingIncome": "1000000",
            "depreciation": "None",
            "depreciationAndAmortization": "99000000",
            "incomeBeforeTax": "1137000000",
            "incomeTaxExpense": "226000000",
            "interestAndDebtExpense": "387000000",
            "netIncomeFromContinuingOperations": "899000000",
            "comprehensiveIncomeNetOfTax": "861000000",
            "ebit": "1396000000",
            "ebitda": "1495000000",
            "netIncome": "911000000"
        },
        {
            "fiscalDateEnding": "2020-12-31",
            "reportedCurrency": "USD",
            "grossProfit": "6874000000",
            "totalRevenue": "6874000000",
            "costOfRevenue": "5541000000",
            "costofGoodsAndServicesSold": "3808000000",
            "operatingIncome": "1083000000",
            "sellingGeneralAndAdministrative": "1516000000",
            "researchAndDevelopment": "None",
            "operatingExpenses": "1696000000",
            "investmentIncomeNet": "None",
            "netInterestIncome": "-268000000",
            "interestIncome": "21000000",
            "interestExpense": "268000000",
            "nonInterestIncome": "6874000000",
            "otherNonOperatingIncome": "-27000000",
            "depreciation": "None",
            "depreciationAndAmortization": "99000000",
            "incomeBeforeTax": "993000000",
            "incomeTaxExpense": "183000000",
            "interestAndDebtExpense": "268000000",
            "netIncomeFromContinuingOperations": "783000000",
            "comprehensiveIncomeNetOfTax": "888000000",
            "ebit": "1261000000",
            "ebitda": "1360000000",
            "netIncome": "810000000"
        },
        {
            "fiscalDateEnding": "2020-09-30",
            "reportedCurrency": "USD",
            "grossProfit": "716000000",
            "totalRevenue": "5866000000",
            "costOfRevenue": "5150000000",
            "costofGoodsAndServicesSold": "3634000000",
            "operatingIncome": "903000000",
            "sellingGeneralAndAdministrative": "1323000000",
            "researchAndDevelopment": "None",
            "operatingExpenses": "1516000000",
            "investmentIncomeNet": "None",
            "netInterestIncome": "-259000000",
            "interestIncome": "14000000",
            "interestExpense": "259000000",
            "nonInterestIncome": "6093000000",
            "otherNonOperatingIncome": "-20000000",
            "depreciation": "None",
            "depreciationAndAmortization": "97000000",
            "incomeBeforeTax": "641000000",
            "incomeTaxExpense": "26000000",
            "interestAndDebtExpense": "282000000",
            "netIncomeFromContinuingOperations": "568000000",
            "comprehensiveIncomeNetOfTax": "704000000",
            "ebit": "900000000",
            "ebitda": "997000000",
            "netIncome": "615000000"
        },
        {
            "fiscalDateEnding": "2020-06-30",
            "reportedCurrency": "USD",
            "grossProfit": "928000000",
            "totalRevenue": "5928000000",
            "costOfRevenue": "5000000000",
            "costofGoodsAndServicesSold": "3485000000",
            "operatingIncome": "1251000000",
            "sellingGeneralAndAdministrative": "1183000000",
            "researchAndDevelopment": "None",
            "operatingExpenses": "1515000000",
            "investmentIncomeNet": "None",
            "netInterestIncome": "-263000000",
            "interestIncome": "11000000",
            "interestExpense": "263000000",
            "nonInterestIncome": "6172000000",
            "otherNonOperatingIncome": "-26000000",
            "depreciation": "None",
            "depreciationAndAmortization": "122000000",
            "incomeBeforeTax": "673000000",
            "incomeTaxExpense": "192000000",
            "interestAndDebtExpense": "366000000",
            "netIncomeFromContinuingOperations": "453000000",
            "comprehensiveIncomeNetOfTax": "536000000",
            "ebit": "936000000",
            "ebitda": "1058000000",
            "netIncome": "481000000"
        },
        {
            "fiscalDateEnding": "2020-03-31",
            "reportedCurrency": "USD",
            "grossProfit": "710000000",
            "totalRevenue": "6462000000",
            "costOfRevenue": "5752000000",
            "costofGoodsAndServicesSold": "4065000000",
            "operatingIncome": "902000000",
            "sellingGeneralAndAdministrative": "1298000000",
            "researchAndDevelopment": "None",
            "operatingExpenses": "1687000000",
            "investmentIncomeNet": "None",
            "netInterestIncome": "-241000000",
            "interestIncome": "14000000",
            "interestExpense": "241000000",
            "nonInterestIncome": "6669000000",
            "otherNonOperatingIncome": "-28000000",
            "depreciation": "None",
            "depreciationAndAmortization": "112000000",
            "incomeBeforeTax": "650000000",
            "incomeTaxExpense": "134000000",
            "interestAndDebtExpense": "241000000",
            "netIncomeFromContinuingOperations": "501000000",
            "comprehensiveIncomeNetOfTax": "432000000",
            "ebit": "891000000",
            "ebitda": "1003000000",
            "netIncome": "516000000"
        },
        {
            "fiscalDateEnding": "2019-12-31",
            "reportedCurrency": "USD",
            "grossProfit": "6851000000",
            "totalRevenue": "6871000000",
            "costOfRevenue": "20000000",
            "costofGoodsAndServicesSold": "9888000000",
            "operatingIncome": "-44000000",
            "sellingGeneralAndAdministrative": "1324000000",
            "researchAndDevelopment": "None",
            "operatingExpenses": "20000000",
            "investmentIncomeNet": "None",
            "netInterestIncome": "-616000000",
            "interestIncome": "-377000000",
            "interestExpense": "239000000",
            "nonInterestIncome": "6871000000",
            "otherNonOperatingIncome": "-110000000",
            "depreciation": "None",
            "depreciationAndAmortization": "115000000",
            "incomeBeforeTax": "-278000000",
            "incomeTaxExpense": "-20000000",
            "interestAndDebtExpense": "616000000",
            "netIncomeFromContinuingOperations": "-302000000",
            "comprehensiveIncomeNetOfTax": "-374000000",
            "ebit": "-39000000",
            "ebitda": "76000000",
            "netIncome": "-258000000"
        },
        {
            "fiscalDateEnding": "2019-09-30",
            "reportedCurrency": "USD",
            "grossProfit": "501000000",
            "totalRevenue": "3215000000",
            "costOfRevenue": "2714000000",
            "costofGoodsAndServicesSold": "2078000000",
            "operatingIncome": "984000000",
            "sellingGeneralAndAdministrative": "1473000000",
            "researchAndDevelopment": "None",
            "operatingExpenses": "636000000",
            "investmentIncomeNet": "None",
            "netInterestIncome": "-114000000",
            "interestIncome": "132000000",
            "interestExpense": "246000000",
            "nonInterestIncome": "3295000000",
            "otherNonOperatingIncome": "-27000000",
            "depreciation": "None",
            "depreciationAndAmortization": "108000000",
            "incomeBeforeTax": "756000000",
            "incomeTaxExpense": "126000000",
            "interestAndDebtExpense": "114000000",
            "netIncomeFromContinuingOperations": "584000000",
            "comprehensiveIncomeNetOfTax": "579000000",
            "ebit": "1002000000",
            "ebitda": "1110000000",
            "netIncome": "630000000"
        },
        {
            "fiscalDateEnding": "2019-06-30",
            "reportedCurrency": "USD",
            "grossProfit": "624000000",
            "totalRevenue": "3731000000",
            "costOfRevenue": "3107000000",
            "costofGoodsAndServicesSold": "2509000000",
            "operatingIncome": "1414000000",
            "sellingGeneralAndAdministrative": "1371000000",
            "researchAndDevelopment": "None",
            "operatingExpenses": "598000000",
            "investmentIncomeNet": "None",
            "netInterestIncome": "-115000000",
            "interestIncome": "122000000",
            "interestExpense": "237000000",
            "nonInterestIncome": "3809000000",
            "otherNonOperatingIncome": "15000000",
            "depreciation": "None",
            "depreciationAndAmortization": "109000000",
            "incomeBeforeTax": "1218000000",
            "incomeTaxExpense": "241000000",
            "interestAndDebtExpense": "115000000",
            "netIncomeFromContinuingOperations": "947000000",
            "comprehensiveIncomeNetOfTax": "985000000",
            "ebit": "1455000000",
            "ebitda": "1564000000",
            "netIncome": "977000000"
        },
        {
            "fiscalDateEnding": "2019-03-31",
            "reportedCurrency": "USD",
            "grossProfit": "1108000000",
            "totalRevenue": "4599000000",
            "costOfRevenue": "3491000000",
            "costofGoodsAndServicesSold": "2748000000",
            "operatingIncome": "1792000000",
            "sellingGeneralAndAdministrative": "1313000000",
            "researchAndDevelopment": "None",
            "operatingExpenses": "194000000",
            "investmentIncomeNet": "None",
            "netInterestIncome": "-117000000",
            "interestIncome": "123000000",
            "interestExpense": "240000000",
            "nonInterestIncome": "4716000000",
            "otherNonOperatingIncome": "-28000000",
            "depreciation": "None",
            "depreciationAndAmortization": "106000000",
            "incomeBeforeTax": "1583000000",
            "incomeTaxExpense": "-376000000",
            "interestAndDebtExpense": "117000000",
            "netIncomeFromContinuingOperations": "1939000000",
            "comprehensiveIncomeNetOfTax": "1986000000",
            "ebit": "1823000000",
            "ebitda": "1929000000",
            "netIncome": "1959000000"
        },
        {
            "fiscalDateEnding": "2018-12-31",
            "reportedCurrency": "USD",
            "grossProfit": "4024000000",
            "totalRevenue": "4024000000",
            "costOfRevenue": "3377000000",
            "costofGoodsAndServicesSold": "2605000000",
            "operatingIncome": "1259000000",
            "sellingGeneralAndAdministrative": "3443000000",
            "researchAndDevelopment": "None",
            "operatingExpenses": "714000000",
            "investmentIncomeNet": "None",
            "netInterestIncome": "-118000000",
            "interestIncome": "563000000",
            "interestExpense": "681000000",
            "nonInterestIncome": "4024000000",
            "otherNonOperatingIncome": "-40000000",
            "depreciation": "None",
            "depreciationAndAmortization": "259000000",
            "incomeBeforeTax": "1155000000",
            "incomeTaxExpense": "268000000",
            "interestAndDebtExpense": "118000000",
            "netIncomeFromContinuingOperations": "884000000",
            "comprehensiveIncomeNetOfTax": "1719000000",
            "ebit": "1836000000",
            "ebitda": "2095000000",
            "netIncome": "887000000"
        },
        {
            "fiscalDateEnding": "2018-09-30",
            "reportedCurrency": "USD",
            "grossProfit": "736000000",
            "totalRevenue": "3263000000",
            "costOfRevenue": "2527000000",
            "costofGoodsAndServicesSold": "1922000000",
            "operatingIncome": "1307000000",
            "sellingGeneralAndAdministrative": "549000000",
            "researchAndDevelopment": "None",
            "operatingExpenses": "605000000",
            "investmentIncomeNet": "None",
            "netInterestIncome": "-115000000",
            "interestIncome": "None",
            "interestExpense": "115000000",
            "nonInterestIncome": "3263000000",
            "otherNonOperatingIncome": "-17000000",
            "depreciation": "None",
            "depreciationAndAmortization": "56000000",
            "incomeBeforeTax": "950000000",
            "incomeTaxExpense": "64000000",
            "interestAndDebtExpense": "115000000",
            "netIncomeFromContinuingOperations": "878000000",
            "comprehensiveIncomeNetOfTax": "500000000",
            "ebit": "1065000000",
            "ebitda": "1121000000",
            "netIncome": "886000000"
        },
        {
            "fiscalDateEnding": "2018-06-30",
            "reportedCurrency": "USD",
            "grossProfit": "669000000",
            "totalRevenue": "3466000000",
            "costOfRevenue": "2797000000",
            "costofGoodsAndServicesSold": "2184000000",
            "operatingIncome": "1448000000",
            "sellingGeneralAndAdministrative": "532000000",
            "researchAndDevelopment": "None",
            "operatingExpenses": "613000000",
            "investmentIncomeNet": "None",
            "netInterestIncome": "-116000000",
            "interestIncome": "None",
            "interestExpense": "116000000",
            "nonInterestIncome": "3466000000",
            "otherNonOperatingIncome": "-24000000",
            "depreciation": "None",
            "depreciationAndAmortization": "56000000",
            "incomeBeforeTax": "1067000000",
            "incomeTaxExpense": "113000000",
            "interestAndDebtExpense": "116000000",
            "netIncomeFromContinuingOperations": "943000000",
            "comprehensiveIncomeNetOfTax": "407000000",
            "ebit": "1183000000",
            "ebitda": "1239000000",
            "netIncome": "954000000"
        },
        {
            "fiscalDateEnding": "2018-03-31",
            "reportedCurrency": "USD",
            "grossProfit": "772000000",
            "totalRevenue": "3761000000",
            "costOfRevenue": "2989000000",
            "costofGoodsAndServicesSold": "2400000000",
            "operatingIncome": "1190000000",
            "sellingGeneralAndAdministrative": "524000000",
            "researchAndDevelopment": "None",
            "operatingExpenses": "589000000",
            "investmentIncomeNet": "None",
            "netInterestIncome": "-118000000",
            "interestIncome": "None",
            "interestExpense": "118000000",
            "nonInterestIncome": "3761000000",
            "otherNonOperatingIncome": "-11000000",
            "depreciation": "None",
            "depreciationAndAmortization": "56000000",
            "incomeBeforeTax": "863000000",
            "incomeTaxExpense": "135000000",
            "interestAndDebtExpense": "118000000",
            "netIncomeFromContinuingOperations": "718000000",
            "comprehensiveIncomeNetOfTax": "520000000",
            "ebit": "981000000",
            "ebitda": "1037000000",
            "netIncome": "728000000"
        }
    ]
}