{
    "symbol": "STX",
    "annualReports": [
        {
            "fiscalDateEnding": "2022-06-30",
            "reportedCurrency": "USD",
            "grossProfit": "None",
            "totalRevenue": "11661000000",
            "costOfRevenue": "None",
            "costofGoodsAndServicesSold": "8192000000",
            "operatingIncome": "1955000000",
            "sellingGeneralAndAdministrative": "559000000",
            "researchAndDevelopment": "941000000",
            "operatingExpenses": "None",
            "investmentIncomeNet": "None",
            "netInterestIncome": "None",
            "interestIncome": "None",
            "interestExpense": "249000000",
            "nonInterestIncome": "None",
            "otherNonOperatingIncome": "-29000000",
            "depreciation": "431000000",
            "depreciationAndAmortization": "None",
            "incomeBeforeTax": "1679000000",
            "incomeTaxExpense": "30000000",
            "interestAndDebtExpense": "None",
            "netIncomeFromContinuingOperations": "None",
            "comprehensiveIncomeNetOfTax": "1726000000",
            "ebit": "1928000000",
            "ebitda": "None",
            "netIncome": "1649000000"
        },
        {
            "fiscalDateEnding": "2021-06-30",
            "reportedCurrency": "USD",
            "grossProfit": "2378000000",
            "totalRevenue": "10681000000",
            "costOfRevenue": "8303000000",
            "costofGoodsAndServicesSold": "7764000000",
            "operatingIncome": "1492000000",
            "sellingGeneralAndAdministrative": "502000000",
            "researchAndDevelopment": "903000000",
            "operatingExpenses": "1444000000",
            "investmentIncomeNet": "2000000",
            "netInterestIncome": "-220000000",
            "interestIncome": "None",
            "interestExpense": "220000000",
            "nonInterestIncome": "10681000000",
            "otherNonOperatingIncome": "74000000",
            "depreciation": "368000000",
            "depreciationAndAmortization": "29000000",
            "incomeBeforeTax": "1348000000",
            "incomeTaxExpense": "34000000",
            "interestAndDebtExpense": "221000000",
            "netIncomeFromContinuingOperations": "1314000000",
            "comprehensiveIncomeNetOfTax": "1339000000",
            "ebit": "1568000000",
            "ebitda": "1597000000",
            "netIncome": "1314000000"
        },
        {
            "fiscalDateEnding": "2020-06-30",
            "reportedCurrency": "USD",
            "grossProfit": "2316000000",
            "totalRevenue": "10509000000",
            "costOfRevenue": "8193000000",
            "costofGoodsAndServicesSold": "7667000000",
            "operatingIncome": "1300000000",
            "sellingGeneralAndAdministrative": "473000000",
            "researchAndDevelopment": "973000000",
            "operatingExpenses": "1499000000",
            "investmentIncomeNet": "20000000",
            "netInterestIncome": "-201000000",
            "interestIncome": "None",
            "interestExpense": "201000000",
            "nonInterestIncome": "10509000000",
            "otherNonOperatingIncome": "-87000000",
            "depreciation": "325000000",
            "depreciationAndAmortization": "53000000",
            "incomeBeforeTax": "1032000000",
            "incomeTaxExpense": "28000000",
            "interestAndDebtExpense": "143000000",
            "netIncomeFromContinuingOperations": "1004000000",
            "comprehensiveIncomeNetOfTax": "972000000",
            "ebit": "1233000000",
            "ebitda": "1286000000",
            "netIncome": "1004000000"
        },
        {
            "fiscalDateEnding": "2019-06-30",
            "reportedCurrency": "USD",
            "grossProfit": "2421000000",
            "totalRevenue": "10390000000",
            "costOfRevenue": "7969000000",
            "costofGoodsAndServicesSold": "7458000000",
            "operatingIncome": "1487000000",
            "sellingGeneralAndAdministrative": "453000000",
            "researchAndDevelopment": "991000000",
            "operatingExpenses": "1502000000",
            "investmentIncomeNet": "84000000",
            "netInterestIncome": "-224000000",
            "interestIncome": "None",
            "interestExpense": "224000000",
            "nonInterestIncome": "10390000000",
            "otherNonOperatingIncome": "25000000",
            "depreciation": "464000000",
            "depreciationAndAmortization": "77000000",
            "incomeBeforeTax": "1372000000",
            "incomeTaxExpense": "-640000000",
            "interestAndDebtExpense": "224000000",
            "netIncomeFromContinuingOperations": "2012000000",
            "comprehensiveIncomeNetOfTax": "1994000000",
            "ebit": "1596000000",
            "ebitda": "1673000000",
            "netIncome": "2012000000"
        },
        {
            "fiscalDateEnding": "2018-06-30",
            "reportedCurrency": "USD",
            "grossProfit": "2602000000",
            "totalRevenue": "11184000000",
            "costOfRevenue": "8582000000",
            "costofGoodsAndServicesSold": "7820000000",
            "operatingIncome": "1634000000",
            "sellingGeneralAndAdministrative": "562000000",
            "researchAndDevelopment": "1026000000",
            "operatingExpenses": "1788000000",
            "investmentIncomeNet": "38000000",
            "netInterestIncome": "-236000000",
            "interestIncome": "None",
            "interestExpense": "236000000",
            "nonInterestIncome": "11184000000",
            "otherNonOperatingIncome": "-18000000",
            "depreciation": "487000000",
            "depreciationAndAmortization": "111000000",
            "incomeBeforeTax": "1418000000",
            "incomeTaxExpense": "236000000",
            "interestAndDebtExpense": "236000000",
            "netIncomeFromContinuingOperations": "1182000000",
            "comprehensiveIncomeNetOfTax": "1183000000",
            "ebit": "1654000000",
            "ebitda": "1765000000",
            "netIncome": "1182000000"
        }
    ],
    "quarterlyReports": [
        {
            "fiscalDateEnding": "2023-03-31",
            "reportedCurrency": "USD",
            "grossProfit": "98000000",
            "totalRevenue": "1782000000",
            "costOfRevenue": "1684000000",
            "costofGoodsAndServicesSold": "1541000000",
            "operatingIncome": "-315000000",
            "sellingGeneralAndAdministrative": "123000000",
            "researchAndDevelopment": "191000000",
            "operatingExpenses": "334000000",
            "investmentIncomeNet": "2000000",
            "netInterestIncome": "-81000000",
            "interestIncome": "None",
            "interestExpense": "81000000",
            "nonInterestIncome": "1863000000",
            "otherNonOperatingIncome": "-9000000",
            "depreciation": "None",
            "depreciationAndAmortization": "None",
            "incomeBeforeTax": "-400000000",
            "incomeTaxExpense": "33000000",
            "interestAndDebtExpense": "78000000",
            "netIncomeFromContinuingOperations": "-433000000",
            "comprehensiveIncomeNetOfTax": "-448000000",
            "ebit": "-319000000",
            "ebitda": "None",
            "netIncome": "-433000000"
        },
        {
            "fiscalDateEnding": "2022-12-31",
            "reportedCurrency": "USD",
            "grossProfit": "167000000",
            "totalRevenue": "2014000000",
            "costOfRevenue": "1847000000",
            "costofGoodsAndServicesSold": "1641000000",
            "operatingIncome": "-160000000",
            "sellingGeneralAndAdministrative": "125000000",
            "researchAndDevelopment": "200000000",
            "operatingExpenses": "406000000",
            "investmentIncomeNet": "1000000",
            "netInterestIncome": "-77000000",
            "interestIncome": "None",
            "interestExpense": "77000000",
            "nonInterestIncome": "2091000000",
            "otherNonOperatingIncome": "-6000000",
            "depreciation": "None",
            "depreciationAndAmortization": "None",
            "incomeBeforeTax": "-38000000",
            "incomeTaxExpense": "-5000000",
            "interestAndDebtExpense": "-127000000",
            "netIncomeFromContinuingOperations": "-33000000",
            "comprehensiveIncomeNetOfTax": "-7000000",
            "ebit": "39000000",
            "ebitda": "None",
            "netIncome": "-33000000"
        },
        {
            "fiscalDateEnding": "2022-09-30",
            "reportedCurrency": "USD",
            "grossProfit": "273000000",
            "totalRevenue": "1964000000",
            "costOfRevenue": "1691000000",
            "costofGoodsAndServicesSold": "1553000000",
            "operatingIncome": "107000000",
            "sellingGeneralAndAdministrative": "129000000",
            "researchAndDevelopment": "234000000",
            "operatingExpenses": "372000000",
            "investmentIncomeNet": "1000000",
            "netInterestIncome": "-71000000",
            "interestIncome": "None",
            "interestExpense": "71000000",
            "nonInterestIncome": "2035000000",
            "otherNonOperatingIncome": "-10000000",
            "depreciation": "None",
            "depreciationAndAmortization": "None",
            "incomeBeforeTax": "27000000",
            "incomeTaxExpense": "-2000000",
            "interestAndDebtExpense": "71000000",
            "netIncomeFromContinuingOperations": "29000000",
            "comprehensiveIncomeNetOfTax": "66000000",
            "ebit": "98000000",
            "ebitda": "None",
            "netIncome": "29000000"
        },
        {
            "fiscalDateEnding": "2022-06-30",
            "reportedCurrency": "USD",
            "grossProfit": "None",
            "totalRevenue": "2812000000",
            "costOfRevenue": "None",
            "costofGoodsAndServicesSold": "1869000000",
            "operatingIncome": "360000000",
            "sellingGeneralAndAdministrative": "149000000",
            "researchAndDevelopment": "247000000",
            "operatingExpenses": "None",
            "investmentIncomeNet": "None",
            "netInterestIncome": "None",
            "interestIncome": "None",
            "interestExpense": "65000000",
            "nonInterestIncome": "None",
            "otherNonOperatingIncome": "-15000000",
            "depreciation": "None",
            "depreciationAndAmortization": "None",
            "incomeBeforeTax": "281000000",
            "incomeTaxExpense": "5000000",
            "interestAndDebtExpense": "None",
            "netIncomeFromContinuingOperations": "None",
            "comprehensiveIncomeNetOfTax": "275000000",
            "ebit": "346000000",
            "ebitda": "None",
            "netIncome": "276000000"
        },
        {
            "fiscalDateEnding": "2022-03-31",
            "reportedCurrency": "USD",
            "grossProfit": "602000000",
            "totalRevenue": "2739000000",
            "costOfRevenue": "2137000000",
            "costofGoodsAndServicesSold": "1996000000",
            "operatingIncome": "429000000",
            "sellingGeneralAndAdministrative": "141000000",
            "researchAndDevelopment": "233000000",
            "operatingExpenses": "374000000",
            "investmentIncomeNet": "0",
            "netInterestIncome": "-63000000",
            "interestIncome": "None",
            "interestExpense": "63000000",
            "nonInterestIncome": "2802000000",
            "otherNonOperatingIncome": "-15000000",
            "depreciation": "None",
            "depreciationAndAmortization": "None",
            "incomeBeforeTax": "351000000",
            "incomeTaxExpense": "5000000",
            "interestAndDebtExpense": "63000000",
            "netIncomeFromContinuingOperations": "346000000",
            "comprehensiveIncomeNetOfTax": "408000000",
            "ebit": "414000000",
            "ebitda": "None",
            "netIncome": "346000000"
        },
        {
            "fiscalDateEnding": "2021-12-31",
            "reportedCurrency": "USD",
            "grossProfit": "750000000",
            "totalRevenue": "3054000000",
            "costOfRevenue": "2304000000",
            "costofGoodsAndServicesSold": "2168000000",
            "operatingIncome": "580000000",
            "sellingGeneralAndAdministrative": "136000000",
            "researchAndDevelopment": "228000000",
            "operatingExpenses": "364000000",
            "investmentIncomeNet": "1000000",
            "netInterestIncome": "-62000000",
            "interestIncome": "None",
            "interestExpense": "62000000",
            "nonInterestIncome": "3116000000",
            "otherNonOperatingIncome": "-5000000",
            "depreciation": "None",
            "depreciationAndAmortization": "None",
            "incomeBeforeTax": "514000000",
            "incomeTaxExpense": "13000000",
            "interestAndDebtExpense": "62000000",
            "netIncomeFromContinuingOperations": "501000000",
            "comprehensiveIncomeNetOfTax": "521000000",
            "ebit": "576000000",
            "ebitda": "None",
            "netIncome": "501000000"
        },
        {
            "fiscalDateEnding": "2021-09-30",
            "reportedCurrency": "USD",
            "grossProfit": "763000000",
            "totalRevenue": "3056000000",
            "costOfRevenue": "2293000000",
            "costofGoodsAndServicesSold": "2159000000",
            "operatingIncome": "586000000",
            "sellingGeneralAndAdministrative": "133000000",
            "researchAndDevelopment": "233000000",
            "operatingExpenses": "367000000",
            "investmentIncomeNet": "None",
            "netInterestIncome": "-59000000",
            "interestIncome": "None",
            "interestExpense": "59000000",
            "nonInterestIncome": "3115000000",
            "otherNonOperatingIncome": "6000000",
            "depreciation": "None",
            "depreciationAndAmortization": "None",
            "incomeBeforeTax": "533000000",
            "incomeTaxExpense": "7000000",
            "interestAndDebtExpense": "59000000",
            "netIncomeFromContinuingOperations": "526000000",
            "comprehensiveIncomeNetOfTax": "522000000",
            "ebit": "592000000",
            "ebitda": "None",
            "netIncome": "526000000"
        },
        {
            "fiscalDateEnding": "2021-06-30",
            "reportedCurrency": "USD",
            "grossProfit": "873000000",
            "totalRevenue": "3174000000",
            "costOfRevenue": "2301000000",
            "costofGoodsAndServicesSold": "2128000000",
            "operatingIncome": "507000000",
            "sellingGeneralAndAdministrative": "136000000",
            "researchAndDevelopment": "232000000",
            "operatingExpenses": "407000000",
            "investmentIncomeNet": "0",
            "netInterestIncome": "-59000000",
            "interestIncome": "None",
            "interestExpense": "59000000",
            "nonInterestIncome": "3013000000",
            "otherNonOperatingIncome": "49000000",
            "depreciation": "None",
            "depreciationAndAmortization": "None",
            "incomeBeforeTax": "497000000",
            "incomeTaxExpense": "15000000",
            "interestAndDebtExpense": "60000000",
            "netIncomeFromContinuingOperations": "482000000",
            "comprehensiveIncomeNetOfTax": "479000000",
            "ebit": "556000000",
            "ebitda": "None",
            "netIncome": "482000000"
        },
        {
            "fiscalDateEnding": "2021-03-31",
            "reportedCurrency": "USD",
            "grossProfit": "555000000",
            "totalRevenue": "2672000000",
            "costOfRevenue": "2117000000",
            "costofGoodsAndServicesSold": "1991000000",
            "operatingIncome": "386000000",
            "sellingGeneralAndAdministrative": "126000000",
            "researchAndDevelopment": "227000000",
            "operatingExpenses": "353000000",
            "investmentIncomeNet": "1000000",
            "netInterestIncome": "-59000000",
            "interestIncome": "None",
            "interestExpense": "59000000",
            "nonInterestIncome": "2731000000",
            "otherNonOperatingIncome": "11000000",
            "depreciation": "None",
            "depreciationAndAmortization": "None",
            "incomeBeforeTax": "339000000",
            "incomeTaxExpense": "10000000",
            "interestAndDebtExpense": "59000000",
            "netIncomeFromContinuingOperations": "329000000",
            "comprehensiveIncomeNetOfTax": "327000000",
            "ebit": "398000000",
            "ebitda": "None",
            "netIncome": "329000000"
        },
        {
            "fiscalDateEnding": "2020-12-31",
            "reportedCurrency": "USD",
            "grossProfit": "522000000",
            "totalRevenue": "2571000000",
            "costOfRevenue": "2049000000",
            "costofGoodsAndServicesSold": "1927000000",
            "operatingIncome": "348000000",
            "sellingGeneralAndAdministrative": "122000000",
            "researchAndDevelopment": "221000000",
            "operatingExpenses": "343000000",
            "investmentIncomeNet": "0",
            "netInterestIncome": "-52000000",
            "interestIncome": "None",
            "interestExpense": "52000000",
            "nonInterestIncome": "2623000000",
            "otherNonOperatingIncome": "-5000000",
            "depreciation": "None",
            "depreciationAndAmortization": "None",
            "incomeBeforeTax": "291000000",
            "incomeTaxExpense": "11000000",
            "interestAndDebtExpense": "52000000",
            "netIncomeFromContinuingOperations": "280000000",
            "comprehensiveIncomeNetOfTax": "290000000",
            "ebit": "343000000",
            "ebitda": "None",
            "netIncome": "280000000"
        },
        {
            "fiscalDateEnding": "2020-09-30",
            "reportedCurrency": "USD",
            "grossProfit": "428000000",
            "totalRevenue": "2264000000",
            "costOfRevenue": "1836000000",
            "costofGoodsAndServicesSold": "1718000000",
            "operatingIncome": "251000000",
            "sellingGeneralAndAdministrative": "118000000",
            "researchAndDevelopment": "223000000",
            "operatingExpenses": "341000000",
            "investmentIncomeNet": "1000000",
            "netInterestIncome": "-50000000",
            "interestIncome": "None",
            "interestExpense": "50000000",
            "nonInterestIncome": "2314000000",
            "otherNonOperatingIncome": "19000000",
            "depreciation": "None",
            "depreciationAndAmortization": "None",
            "incomeBeforeTax": "221000000",
            "incomeTaxExpense": "-2000000",
            "interestAndDebtExpense": "50000000",
            "netIncomeFromContinuingOperations": "223000000",
            "comprehensiveIncomeNetOfTax": "243000000",
            "ebit": "271000000",
            "ebitda": "None",
            "netIncome": "223000000"
        },
        {
            "fiscalDateEnding": "2020-06-30",
            "reportedCurrency": "USD",
            "grossProfit": "654000000",
            "totalRevenue": "2669000000",
            "costOfRevenue": "2015000000",
            "costofGoodsAndServicesSold": "1850000000",
            "operatingIncome": "267000000",
            "sellingGeneralAndAdministrative": "112000000",
            "researchAndDevelopment": "222000000",
            "operatingExpenses": "387000000",
            "investmentIncomeNet": "1000000",
            "netInterestIncome": "-49000000",
            "interestIncome": "None",
            "interestExpense": "49000000",
            "nonInterestIncome": "2517000000",
            "otherNonOperatingIncome": "-59000000",
            "depreciation": "None",
            "depreciationAndAmortization": "None",
            "incomeBeforeTax": "160000000",
            "incomeTaxExpense": "-6000000",
            "interestAndDebtExpense": "-9000000",
            "netIncomeFromContinuingOperations": "166000000",
            "comprehensiveIncomeNetOfTax": "167000000",
            "ebit": "209000000",
            "ebitda": "None",
            "netIncome": "166000000"
        },
        {
            "fiscalDateEnding": "2020-03-31",
            "reportedCurrency": "USD",
            "grossProfit": "578000000",
            "totalRevenue": "2669000000",
            "costOfRevenue": "2091000000",
            "costofGoodsAndServicesSold": "1972000000",
            "operatingIncome": "376000000",
            "sellingGeneralAndAdministrative": "119000000",
            "researchAndDevelopment": "246000000",
            "operatingExpenses": "365000000",
            "investmentIncomeNet": "4000000",
            "netInterestIncome": "-49000000",
            "interestIncome": "None",
            "interestExpense": "49000000",
            "nonInterestIncome": "2718000000",
            "otherNonOperatingIncome": "7000000",
            "depreciation": "None",
            "depreciationAndAmortization": "None",
            "incomeBeforeTax": "338000000",
            "incomeTaxExpense": "18000000",
            "interestAndDebtExpense": "49000000",
            "netIncomeFromContinuingOperations": "320000000",
            "comprehensiveIncomeNetOfTax": "286000000",
            "ebit": "387000000",
            "ebitda": "None",
            "netIncome": "320000000"
        },
        {
            "fiscalDateEnding": "2019-12-31",
            "reportedCurrency": "USD",
            "grossProfit": "590000000",
            "totalRevenue": "2648000000",
            "costOfRevenue": "2058000000",
            "costofGoodsAndServicesSold": "1938000000",
            "operatingIncome": "384000000",
            "sellingGeneralAndAdministrative": "120000000",
            "researchAndDevelopment": "250000000",
            "operatingExpenses": "370000000",
            "investmentIncomeNet": "4000000",
            "netInterestIncome": "-48000000",
            "interestIncome": "None",
            "interestExpense": "48000000",
            "nonInterestIncome": "2696000000",
            "otherNonOperatingIncome": "-4000000",
            "depreciation": "None",
            "depreciationAndAmortization": "None",
            "incomeBeforeTax": "336000000",
            "incomeTaxExpense": "18000000",
            "interestAndDebtExpense": "48000000",
            "netIncomeFromContinuingOperations": "318000000",
            "comprehensiveIncomeNetOfTax": "325000000",
            "ebit": "384000000",
            "ebitda": "None",
            "netIncome": "318000000"
        },
        {
            "fiscalDateEnding": "2019-09-30",
            "reportedCurrency": "USD",
            "grossProfit": "477000000",
            "totalRevenue": "2523000000",
            "costOfRevenue": "2046000000",
            "costofGoodsAndServicesSold": "1907000000",
            "operatingIncome": "273000000",
            "sellingGeneralAndAdministrative": "122000000",
            "researchAndDevelopment": "255000000",
            "operatingExpenses": "394000000",
            "investmentIncomeNet": "11000000",
            "netInterestIncome": "-55000000",
            "interestIncome": "None",
            "interestExpense": "55000000",
            "nonInterestIncome": "2578000000",
            "otherNonOperatingIncome": "-31000000",
            "depreciation": "None",
            "depreciationAndAmortization": "None",
            "incomeBeforeTax": "198000000",
            "incomeTaxExpense": "-2000000",
            "interestAndDebtExpense": "55000000",
            "netIncomeFromContinuingOperations": "200000000",
            "comprehensiveIncomeNetOfTax": "194000000",
            "ebit": "253000000",
            "ebitda": "None",
            "netIncome": "200000000"
        },
        {
            "fiscalDateEnding": "2019-06-30",
            "reportedCurrency": "USD",
            "grossProfit": "724000000",
            "totalRevenue": "2539000000",
            "costOfRevenue": "1815000000",
            "costofGoodsAndServicesSold": "1747000000",
            "operatingIncome": "332000000",
            "sellingGeneralAndAdministrative": "108000000",
            "researchAndDevelopment": "241000000",
            "operatingExpenses": "310000000",
            "investmentIncomeNet": "17000000",
            "netInterestIncome": "-55000000",
            "interestIncome": "None",
            "interestExpense": "55000000",
            "nonInterestIncome": "2370000000",
            "otherNonOperatingIncome": "-3000000",
            "depreciation": "None",
            "depreciationAndAmortization": "18000000",
            "incomeBeforeTax": "291000000",
            "incomeTaxExpense": "-692000000",
            "interestAndDebtExpense": "55000000",
            "netIncomeFromContinuingOperations": "983000000",
            "comprehensiveIncomeNetOfTax": "970000000",
            "ebit": "346000000",
            "ebitda": "364000000",
            "netIncome": "983000000"
        },
        {
            "fiscalDateEnding": "2019-03-31",
            "reportedCurrency": "USD",
            "grossProfit": "405000000",
            "totalRevenue": "2258000000",
            "costOfRevenue": "1853000000",
            "costofGoodsAndServicesSold": "1712000000",
            "operatingIncome": "236000000",
            "sellingGeneralAndAdministrative": "110000000",
            "researchAndDevelopment": "238000000",
            "operatingExpenses": "379000000",
            "investmentIncomeNet": "21000000",
            "netInterestIncome": "-55000000",
            "interestIncome": "None",
            "interestExpense": "55000000",
            "nonInterestIncome": "2313000000",
            "otherNonOperatingIncome": "13000000",
            "depreciation": "None",
            "depreciationAndAmortization": "20000000",
            "incomeBeforeTax": "215000000",
            "incomeTaxExpense": "20000000",
            "interestAndDebtExpense": "55000000",
            "netIncomeFromContinuingOperations": "195000000",
            "comprehensiveIncomeNetOfTax": "195000000",
            "ebit": "270000000",
            "ebitda": "290000000",
            "netIncome": "195000000"
        },
        {
            "fiscalDateEnding": "2018-12-31",
            "reportedCurrency": "USD",
            "grossProfit": "593000000",
            "totalRevenue": "2659000000",
            "costOfRevenue": "2066000000",
            "costofGoodsAndServicesSold": "1921000000",
            "operatingIncome": "416000000",
            "sellingGeneralAndAdministrative": "120000000",
            "researchAndDevelopment": "246000000",
            "operatingExpenses": "391000000",
            "investmentIncomeNet": "22000000",
            "netInterestIncome": "-56000000",
            "interestIncome": "None",
            "interestExpense": "56000000",
            "nonInterestIncome": "2715000000",
            "otherNonOperatingIncome": "16000000",
            "depreciation": "None",
            "depreciationAndAmortization": "20000000",
            "incomeBeforeTax": "398000000",
            "incomeTaxExpense": "14000000",
            "interestAndDebtExpense": "56000000",
            "netIncomeFromContinuingOperations": "384000000",
            "comprehensiveIncomeNetOfTax": "375000000",
            "ebit": "454000000",
            "ebitda": "474000000",
            "netIncome": "384000000"
        },
        {
            "fiscalDateEnding": "2018-09-30",
            "reportedCurrency": "USD",
            "grossProfit": "698000000",
            "totalRevenue": "2933000000",
            "costOfRevenue": "2235000000",
            "costofGoodsAndServicesSold": "2078000000",
            "operatingIncome": "503000000",
            "sellingGeneralAndAdministrative": "115000000",
            "researchAndDevelopment": "266000000",
            "operatingExpenses": "423000000",
            "investmentIncomeNet": "24000000",
            "netInterestIncome": "-58000000",
            "interestIncome": "None",
            "interestExpense": "58000000",
            "nonInterestIncome": "2991000000",
            "otherNonOperatingIncome": "-1000000",
            "depreciation": "None",
            "depreciationAndAmortization": "19000000",
            "incomeBeforeTax": "468000000",
            "incomeTaxExpense": "18000000",
            "interestAndDebtExpense": "58000000",
            "netIncomeFromContinuingOperations": "450000000",
            "comprehensiveIncomeNetOfTax": "454000000",
            "ebit": "526000000",
            "ebitda": "545000000",
            "netIncome": "450000000"
        },
        {
            "fiscalDateEnding": "2018-06-30",
            "reportedCurrency": "USD",
            "grossProfit": "931000000",
            "totalRevenue": "3017000000",
            "costOfRevenue": "2086000000",
            "costofGoodsAndServicesSold": "1931000000",
            "operatingIncome": "505000000",
            "sellingGeneralAndAdministrative": "140000000",
            "researchAndDevelopment": "259000000",
            "operatingExpenses": "414000000",
            "investmentIncomeNet": "15000000",
            "netInterestIncome": "-54000000",
            "interestIncome": "None",
            "interestExpense": "54000000",
            "nonInterestIncome": "2835000000",
            "otherNonOperatingIncome": "0",
            "depreciation": "None",
            "depreciationAndAmortization": "21000000",
            "incomeBeforeTax": "466000000",
            "incomeTaxExpense": "5000000",
            "interestAndDebtExpense": "54000000",
            "netIncomeFromContinuingOperations": "461000000",
            "comprehensiveIncomeNetOfTax": "453000000",
            "ebit": "520000000",
            "ebitda": "541000000",
            "netIncome": "461000000"
        }
    ]
}