{
    "symbol": "VFC",
    "annualReports": [
        {
            "fiscalDateEnding": "2022-03-31",
            "reportedCurrency": "USD",
            "grossProfit": "None",
            "totalRevenue": "None",
            "costOfRevenue": "None",
            "costofGoodsAndServicesSold": "5386393000",
            "operatingIncome": "1632204000",
            "sellingGeneralAndAdministrative": "4823243000",
            "researchAndDevelopment": "None",
            "operatingExpenses": "None",
            "investmentIncomeNet": "None",
            "netInterestIncome": "None",
            "interestIncome": "None",
            "interestExpense": "136469000",
            "nonInterestIncome": "None",
            "otherNonOperatingIncome": "26154000",
            "depreciation": "None",
            "depreciationAndAmortization": "266935000",
            "incomeBeforeTax": "1693922000",
            "incomeTaxExpense": "306981000",
            "interestAndDebtExpense": "None",
            "netIncomeFromContinuingOperations": "1216269000",
            "comprehensiveIncomeNetOfTax": "1469362000",
            "ebit": "1830391000",
            "ebitda": "2097326000",
            "netIncome": "1386941000"
        },
        {
            "fiscalDateEnding": "2021-03-31",
            "reportedCurrency": "USD",
            "grossProfit": "126704000",
            "totalRevenue": "9105775000",
            "costOfRevenue": "8979071000",
            "costofGoodsAndServicesSold": "4370780000",
            "operatingIncome": "607631000",
            "sellingGeneralAndAdministrative": "4240058000",
            "researchAndDevelopment": "None",
            "operatingExpenses": "4628964000",
            "investmentIncomeNet": "9155000",
            "netInterestIncome": "-135655000",
            "interestIncome": "None",
            "interestExpense": "135655000",
            "nonInterestIncome": "9241430000",
            "otherNonOperatingIncome": "-24659000",
            "depreciation": "None",
            "depreciationAndAmortization": "269081000",
            "incomeBeforeTax": "509435000",
            "incomeTaxExpense": "101566000",
            "interestAndDebtExpense": "135655000",
            "netIncomeFromContinuingOperations": "354906000",
            "comprehensiveIncomeNetOfTax": "329827000",
            "ebit": "645090000",
            "ebitda": "914171000",
            "netIncome": "407869000"
        },
        {
            "fiscalDateEnding": "2020-03-31",
            "reportedCurrency": "USD",
            "grossProfit": "928181000",
            "totalRevenue": "10488556000",
            "costOfRevenue": "9560375000",
            "costofGoodsAndServicesSold": "4690520000",
            "operatingIncome": "927805000",
            "sellingGeneralAndAdministrative": "4547008000",
            "researchAndDevelopment": "None",
            "operatingExpenses": "5405912000",
            "investmentIncomeNet": "19867000",
            "netInterestIncome": "-72175000",
            "interestIncome": "19867000",
            "interestExpense": "92042000",
            "nonInterestIncome": "10431684000",
            "otherNonOperatingIncome": "-68650000",
            "depreciation": "None",
            "depreciationAndAmortization": "267619000",
            "incomeBeforeTax": "777511000",
            "incomeTaxExpense": "98062000",
            "interestAndDebtExpense": "151814000",
            "netIncomeFromContinuingOperations": "629146000",
            "comprehensiveIncomeNetOfTax": "637134000",
            "ebit": "869553000",
            "ebitda": "1137172000",
            "netIncome": "679449000"
        },
        {
            "fiscalDateEnding": "2019-03-31",
            "reportedCurrency": "USD",
            "grossProfit": "1078494000",
            "totalRevenue": "10266887000",
            "costOfRevenue": "12770166000",
            "costofGoodsAndServicesSold": "4656326000",
            "operatingIncome": "1190182000",
            "sellingGeneralAndAdministrative": "4420379000",
            "researchAndDevelopment": "None",
            "operatingExpenses": "6572434000",
            "investmentIncomeNet": "22643000",
            "netInterestIncome": "-92730000",
            "interestIncome": "15008000",
            "interestExpense": "107738000",
            "nonInterestIncome": "13804898000",
            "otherNonOperatingIncome": "-59139000",
            "depreciation": "None",
            "depreciationAndAmortization": "255729000",
            "incomeBeforeTax": "1427679000",
            "incomeTaxExpense": "167887000",
            "interestAndDebtExpense": "108068000",
            "netIncomeFromContinuingOperations": "870426000",
            "comprehensiveIncomeNetOfTax": "1221747000",
            "ebit": "1535417000",
            "ebitda": "1791146000",
            "netIncome": "1259792000"
        },
        {
            "fiscalDateEnding": "2017-12-31",
            "reportedCurrency": "USD",
            "grossProfit": "832240000",
            "totalRevenue": "8394684000",
            "costOfRevenue": "10978937000",
            "costofGoodsAndServicesSold": "3849248000",
            "operatingIncome": "883374000",
            "sellingGeneralAndAdministrative": "3662062000",
            "researchAndDevelopment": "None",
            "operatingExpenses": "5243938000",
            "investmentIncomeNet": "16095000",
            "netInterestIncome": "-88972000",
            "interestIncome": "13002000",
            "interestExpense": "101974000",
            "nonInterestIncome": "-25041000",
            "otherNonOperatingIncome": "-6523000",
            "depreciation": "None",
            "depreciationAndAmortization": "238320000",
            "incomeBeforeTax": "1134732000",
            "incomeTaxExpense": "519809000",
            "interestAndDebtExpense": "101975000",
            "netIncomeFromContinuingOperations": "268070000",
            "comprehensiveIncomeNetOfTax": "730246000",
            "ebit": "1236706000",
            "ebitda": "1475026000",
            "netIncome": "614923000"
        }
    ],
    "quarterlyReports": [
        {
            "fiscalDateEnding": "2022-12-31",
            "reportedCurrency": "USD",
            "grossProfit": "446627000",
            "totalRevenue": "3476523000",
            "costOfRevenue": "3029896000",
            "costofGoodsAndServicesSold": "1593048000",
            "operatingIncome": "516033000",
            "sellingGeneralAndAdministrative": "1421586000",
            "researchAndDevelopment": "None",
            "operatingExpenses": "1436848000",
            "investmentIncomeNet": "3914000",
            "netInterestIncome": "-54144000",
            "interestIncome": "50230000",
            "interestExpense": "54144000",
            "nonInterestIncome": "3530667000",
            "otherNonOperatingIncome": "-9901000",
            "depreciation": "None",
            "depreciationAndAmortization": "61551000",
            "incomeBeforeTax": "455902000",
            "incomeTaxExpense": "-51966000",
            "interestAndDebtExpense": "54144000",
            "netIncomeFromContinuingOperations": "507868000",
            "comprehensiveIncomeNetOfTax": "422445000",
            "ebit": "510046000",
            "ebitda": "571597000",
            "netIncome": "507868000"
        },
        {
            "fiscalDateEnding": "2022-09-30",
            "reportedCurrency": "USD",
            "grossProfit": "1582423000",
            "totalRevenue": "3080600000",
            "costOfRevenue": "1498177000",
            "costofGoodsAndServicesSold": "1498177000",
            "operatingIncome": "-90819000",
            "sellingGeneralAndAdministrative": "1251320000",
            "researchAndDevelopment": "None",
            "operatingExpenses": "1251320000",
            "investmentIncomeNet": "None",
            "netInterestIncome": "-33903000",
            "interestIncome": "33903000",
            "interestExpense": "34726000",
            "nonInterestIncome": "None",
            "otherNonOperatingIncome": "-9280000",
            "depreciation": "None",
            "depreciationAndAmortization": "63869000",
            "incomeBeforeTax": "-134002000",
            "incomeTaxExpense": "-15570000",
            "interestAndDebtExpense": "None",
            "netIncomeFromContinuingOperations": "-118432000",
            "comprehensiveIncomeNetOfTax": "-87721000",
            "ebit": "-99276000",
            "ebitda": "-35407000",
            "netIncome": "-118432000"
        },
        {
            "fiscalDateEnding": "2022-06-30",
            "reportedCurrency": "USD",
            "grossProfit": "-91800000",
            "totalRevenue": "2261595000",
            "costOfRevenue": "91800000",
            "costofGoodsAndServicesSold": "1042982000",
            "operatingIncome": "63362000",
            "sellingGeneralAndAdministrative": "1155251000",
            "researchAndDevelopment": "None",
            "operatingExpenses": "91800000",
            "investmentIncomeNet": "None",
            "netInterestIncome": "-31262000",
            "interestIncome": "1283000",
            "interestExpense": "32545000",
            "nonInterestIncome": "None",
            "otherNonOperatingIncome": "-94714000",
            "depreciation": "None",
            "depreciationAndAmortization": "66754000",
            "incomeBeforeTax": "-62614000",
            "incomeTaxExpense": "-6654000",
            "interestAndDebtExpense": "None",
            "netIncomeFromContinuingOperations": "-55960000",
            "comprehensiveIncomeNetOfTax": "-4257000",
            "ebit": "-30069000",
            "ebitda": "36685000",
            "netIncome": "-55960000"
        },
        {
            "fiscalDateEnding": "2022-03-31",
            "reportedCurrency": "USD",
            "grossProfit": "1465872000",
            "totalRevenue": "2824664000",
            "costOfRevenue": "1358792000",
            "costofGoodsAndServicesSold": "1358792000",
            "operatingIncome": "192392000",
            "sellingGeneralAndAdministrative": "1273480000",
            "researchAndDevelopment": "None",
            "operatingExpenses": "1273480000",
            "investmentIncomeNet": "None",
            "netInterestIncome": "-30930000",
            "interestIncome": "740000",
            "interestExpense": "31670000",
            "nonInterestIncome": "None",
            "otherNonOperatingIncome": "9659000",
            "depreciation": "None",
            "depreciationAndAmortization": "67283000",
            "incomeBeforeTax": "171520000",
            "incomeTaxExpense": "90678000",
            "interestAndDebtExpense": "None",
            "netIncomeFromContinuingOperations": "80443000",
            "comprehensiveIncomeNetOfTax": "91720000",
            "ebit": "203190000",
            "ebitda": "270473000",
            "netIncome": "80842000"
        },
        {
            "fiscalDateEnding": "2021-12-31",
            "reportedCurrency": "USD",
            "grossProfit": "632087000",
            "totalRevenue": "3586745000",
            "costOfRevenue": "2954658000",
            "costofGoodsAndServicesSold": "1592604000",
            "operatingIncome": "678442000",
            "sellingGeneralAndAdministrative": "1353338000",
            "researchAndDevelopment": "None",
            "operatingExpenses": "1362054000",
            "investmentIncomeNet": "606000",
            "netInterestIncome": "-33994000",
            "interestIncome": "33388000",
            "interestExpense": "33994000",
            "nonInterestIncome": "3620739000",
            "otherNonOperatingIncome": "-95000",
            "depreciation": "None",
            "depreciationAndAmortization": "65099000",
            "incomeBeforeTax": "641314000",
            "incomeTaxExpense": "123513000",
            "interestAndDebtExpense": "37639000",
            "netIncomeFromContinuingOperations": "517801000",
            "comprehensiveIncomeNetOfTax": "521178000",
            "ebit": "675308000",
            "ebitda": "740407000",
            "netIncome": "517801000"
        },
        {
            "fiscalDateEnding": "2021-09-30",
            "reportedCurrency": "USD",
            "grossProfit": "521100000",
            "totalRevenue": "3162347000",
            "costOfRevenue": "2641247000",
            "costofGoodsAndServicesSold": "1479446000",
            "operatingIncome": "558486000",
            "sellingGeneralAndAdministrative": "1160303000",
            "researchAndDevelopment": "None",
            "operatingExpenses": "1161801000",
            "investmentIncomeNet": "1518000",
            "netInterestIncome": "-35888000",
            "interestIncome": "34370000",
            "interestExpense": "35888000",
            "nonInterestIncome": "3198235000",
            "otherNonOperatingIncome": "7549000",
            "depreciation": "None",
            "depreciationAndAmortization": "66503000",
            "incomeBeforeTax": "531665000",
            "incomeTaxExpense": "67612000",
            "interestAndDebtExpense": "35888000",
            "netIncomeFromContinuingOperations": "464053000",
            "comprehensiveIncomeNetOfTax": "489105000",
            "ebit": "567553000",
            "ebitda": "634056000",
            "netIncome": "464053000"
        },
        {
            "fiscalDateEnding": "2021-06-30",
            "reportedCurrency": "USD",
            "grossProfit": "96095000",
            "totalRevenue": "2159640000",
            "costOfRevenue": "2063545000",
            "costofGoodsAndServicesSold": "955551000",
            "operatingIncome": "202884000",
            "sellingGeneralAndAdministrative": "1036122000",
            "researchAndDevelopment": "None",
            "operatingExpenses": "1109844000",
            "investmentIncomeNet": "2142000",
            "netInterestIncome": "-34917000",
            "interestIncome": "32775000",
            "interestExpense": "34917000",
            "nonInterestIncome": "2194557000",
            "otherNonOperatingIncome": "9041000",
            "depreciation": "None",
            "depreciationAndAmortization": "68050000",
            "incomeBeforeTax": "349423000",
            "incomeTaxExpense": "25178000",
            "interestAndDebtExpense": "34917000",
            "netIncomeFromContinuingOperations": "153972000",
            "comprehensiveIncomeNetOfTax": "367359000",
            "ebit": "384340000",
            "ebitda": "452390000",
            "netIncome": "324245000"
        },
        {
            "fiscalDateEnding": "2021-03-31",
            "reportedCurrency": "USD",
            "grossProfit": "-89851000",
            "totalRevenue": "2445317000",
            "costOfRevenue": "2535168000",
            "costofGoodsAndServicesSold": "1236399000",
            "operatingIncome": "122493000",
            "sellingGeneralAndAdministrative": "1203419000",
            "researchAndDevelopment": "None",
            "operatingExpenses": "1296948000",
            "investmentIncomeNet": "2127000",
            "netInterestIncome": "-37971000",
            "interestIncome": "35844000",
            "interestExpense": "37971000",
            "nonInterestIncome": "2580972000",
            "otherNonOperatingIncome": "2400000",
            "depreciation": "None",
            "depreciationAndAmortization": "64501000",
            "incomeBeforeTax": "116826000",
            "incomeTaxExpense": "27306000",
            "interestAndDebtExpense": "37971000",
            "netIncomeFromContinuingOperations": "61743000",
            "comprehensiveIncomeNetOfTax": "76483000",
            "ebit": "154797000",
            "ebitda": "219298000",
            "netIncome": "89520000"
        },
        {
            "fiscalDateEnding": "2020-12-31",
            "reportedCurrency": "USD",
            "grossProfit": "380103000",
            "totalRevenue": "2972141000",
            "costOfRevenue": "2592038000",
            "costofGoodsAndServicesSold": "1345024000",
            "operatingIncome": "411999000",
            "sellingGeneralAndAdministrative": "1214518000",
            "researchAndDevelopment": "None",
            "operatingExpenses": "1247014000",
            "investmentIncomeNet": "2539000",
            "netInterestIncome": "-34315000",
            "interestIncome": "31776000",
            "interestExpense": "34315000",
            "nonInterestIncome": "2972141000",
            "otherNonOperatingIncome": "6484000",
            "depreciation": "None",
            "depreciationAndAmortization": "65727000",
            "incomeBeforeTax": "406288000",
            "incomeTaxExpense": "59048000",
            "interestAndDebtExpense": "34315000",
            "netIncomeFromContinuingOperations": "327659000",
            "comprehensiveIncomeNetOfTax": "310935000",
            "ebit": "440603000",
            "ebitda": "506330000",
            "netIncome": "347240000"
        },
        {
            "fiscalDateEnding": "2020-09-30",
            "reportedCurrency": "USD",
            "grossProfit": "293060000",
            "totalRevenue": "2607024000",
            "costOfRevenue": "2313964000",
            "costofGoodsAndServicesSold": "1282406000",
            "operatingIncome": "319948000",
            "sellingGeneralAndAdministrative": "1005970000",
            "researchAndDevelopment": "None",
            "operatingExpenses": "1031558000",
            "investmentIncomeNet": "3176000",
            "netInterestIncome": "-30931000",
            "interestIncome": "30931000",
            "interestExpense": "30931000",
            "nonInterestIncome": "2607024000",
            "otherNonOperatingIncome": "4644000",
            "depreciation": "None",
            "depreciationAndAmortization": "75827000",
            "incomeBeforeTax": "307137000",
            "incomeTaxExpense": "50415000",
            "interestAndDebtExpense": "34107000",
            "netIncomeFromContinuingOperations": "243246000",
            "comprehensiveIncomeNetOfTax": "194605000",
            "ebit": "319948000",
            "ebitda": "395775000",
            "netIncome": "256722000"
        },
        {
            "fiscalDateEnding": "2020-06-30",
            "reportedCurrency": "USD",
            "grossProfit": "-328485000",
            "totalRevenue": "1076293000",
            "costOfRevenue": "1404778000",
            "costofGoodsAndServicesSold": "506951000",
            "operatingIncome": "-246809000",
            "sellingGeneralAndAdministrative": "816151000",
            "researchAndDevelopment": "None",
            "operatingExpenses": "905972000",
            "investmentIncomeNet": "1313000",
            "netInterestIncome": "-27949000",
            "interestIncome": "1313000",
            "interestExpense": "29262000",
            "nonInterestIncome": "1076293000",
            "otherNonOperatingIncome": "-38187000",
            "depreciation": "None",
            "depreciationAndAmortization": "63026000",
            "incomeBeforeTax": "-320816000",
            "incomeTaxExpense": "-35203000",
            "interestAndDebtExpense": "29262000",
            "netIncomeFromContinuingOperations": "-277742000",
            "comprehensiveIncomeNetOfTax": "-252196000",
            "ebit": "-246809000",
            "ebitda": "-183783000",
            "netIncome": "-285613000"
        },
        {
            "fiscalDateEnding": "2020-03-31",
            "reportedCurrency": "USD",
            "grossProfit": "1779121000",
            "totalRevenue": "2102421000",
            "costOfRevenue": "323300000",
            "costofGoodsAndServicesSold": "986266000",
            "operatingIncome": "-256761000",
            "sellingGeneralAndAdministrative": "1049693000",
            "researchAndDevelopment": "None",
            "operatingExpenses": "323300000",
            "investmentIncomeNet": "2266000",
            "netInterestIncome": "-71368000",
            "interestIncome": "19867000",
            "interestExpense": "91235000",
            "nonInterestIncome": "68200000",
            "otherNonOperatingIncome": "-50289000",
            "depreciation": "None",
            "depreciationAndAmortization": "72972000",
            "incomeBeforeTax": "-390381000",
            "incomeTaxExpense": "93395000",
            "interestAndDebtExpense": "-68200000",
            "netIncomeFromContinuingOperations": "-483086000",
            "comprehensiveIncomeNetOfTax": "-519362000",
            "ebit": "-256761000",
            "ebitda": "-226174000",
            "netIncome": "-483776000"
        },
        {
            "fiscalDateEnding": "2019-12-31",
            "reportedCurrency": "USD",
            "grossProfit": "546536000",
            "totalRevenue": "3155723000",
            "costOfRevenue": "2837957000",
            "costofGoodsAndServicesSold": "1351653000",
            "operatingIncome": "540039000",
            "sellingGeneralAndAdministrative": "1264031000",
            "researchAndDevelopment": "None",
            "operatingExpenses": "1337494000",
            "investmentIncomeNet": "5489000",
            "netInterestIncome": "-253000",
            "interestIncome": "16814000",
            "interestExpense": "253000",
            "nonInterestIncome": "3384746000",
            "otherNonOperatingIncome": "-22144000",
            "depreciation": "None",
            "depreciationAndAmortization": "69488000",
            "incomeBeforeTax": "543979000",
            "incomeTaxExpense": "78976000",
            "interestAndDebtExpense": "22303000",
            "netIncomeFromContinuingOperations": "421582000",
            "comprehensiveIncomeNetOfTax": "500356000",
            "ebit": "540039000",
            "ebitda": "613720000",
            "netIncome": "465003000"
        },
        {
            "fiscalDateEnding": "2019-09-30",
            "reportedCurrency": "USD",
            "grossProfit": "571013000",
            "totalRevenue": "3179758000",
            "costOfRevenue": "2821985000",
            "costofGoodsAndServicesSold": "1456317000",
            "operatingIncome": "548562000",
            "sellingGeneralAndAdministrative": "1174879000",
            "researchAndDevelopment": "None",
            "operatingExpenses": "1224678000",
            "investmentIncomeNet": "4983000",
            "netInterestIncome": "-270000",
            "interestIncome": "15827000",
            "interestExpense": "270000",
            "nonInterestIncome": "3393268000",
            "otherNonOperatingIncome": "-1771000",
            "depreciation": "None",
            "depreciationAndAmortization": "62923000",
            "incomeBeforeTax": "554029000",
            "incomeTaxExpense": "-94972000",
            "interestAndDebtExpense": "20810000",
            "netIncomeFromContinuingOperations": "625377000",
            "comprehensiveIncomeNetOfTax": "585662000",
            "ebit": "548562000",
            "ebitda": "617222000",
            "netIncome": "649001000"
        },
        {
            "fiscalDateEnding": "2019-06-30",
            "reportedCurrency": "USD",
            "grossProfit": "-30958000",
            "totalRevenue": "2050654000",
            "costOfRevenue": "2302153000",
            "costofGoodsAndServicesSold": "896284000",
            "operatingIncome": "95965000",
            "sellingGeneralAndAdministrative": "1058405000",
            "researchAndDevelopment": "None",
            "operatingExpenses": "1256900000",
            "investmentIncomeNet": "7129000",
            "netInterestIncome": "-284000",
            "interestIncome": "15583000",
            "interestExpense": "284000",
            "nonInterestIncome": "2271479000",
            "otherNonOperatingIncome": "5554000",
            "depreciation": "None",
            "depreciationAndAmortization": "62236000",
            "incomeBeforeTax": "69884000",
            "incomeTaxExpense": "20663000",
            "interestAndDebtExpense": "22127000",
            "netIncomeFromContinuingOperations": "65273000",
            "comprehensiveIncomeNetOfTax": "70478000",
            "ebit": "95965000",
            "ebitda": "132404000",
            "netIncome": "49221000"
        },
        {
            "fiscalDateEnding": "2019-03-31",
            "reportedCurrency": "USD",
            "grossProfit": "3125169000",
            "totalRevenue": "2357409000",
            "costOfRevenue": "87800000",
            "costofGoodsAndServicesSold": "640885000",
            "operatingIncome": "126360000",
            "sellingGeneralAndAdministrative": "1030488000",
            "researchAndDevelopment": "None",
            "operatingExpenses": "87800000",
            "investmentIncomeNet": "11855000",
            "netInterestIncome": "-12181000",
            "interestIncome": "11855000",
            "interestExpense": "12181000",
            "nonInterestIncome": "3197322000",
            "otherNonOperatingIncome": "-6717000",
            "depreciation": "None",
            "depreciationAndAmortization": "63680000",
            "incomeBeforeTax": "133710000",
            "incomeTaxExpense": "4906000",
            "interestAndDebtExpense": "24428000",
            "netIncomeFromContinuingOperations": "75621000",
            "comprehensiveIncomeNetOfTax": "113294000",
            "ebit": "126360000",
            "ebitda": "190040000",
            "netIncome": "128804000"
        },
        {
            "fiscalDateEnding": "2018-12-31",
            "reportedCurrency": "USD",
            "grossProfit": "583705000",
            "totalRevenue": "2983297000",
            "costOfRevenue": "3356454000",
            "costofGoodsAndServicesSold": "1464761000",
            "operatingIncome": "476543000",
            "sellingGeneralAndAdministrative": "1242131000",
            "researchAndDevelopment": "None",
            "operatingExpenses": "1459982000",
            "investmentIncomeNet": "4550000",
            "netInterestIncome": "None",
            "interestIncome": "None",
            "interestExpense": "23847000",
            "nonInterestIncome": "3940159000",
            "otherNonOperatingIncome": "-1027000",
            "depreciation": "None",
            "depreciationAndAmortization": "62790000",
            "incomeBeforeTax": "548962000",
            "incomeTaxExpense": "85453000",
            "interestAndDebtExpense": "28336000",
            "netIncomeFromContinuingOperations": "374833000",
            "comprehensiveIncomeNetOfTax": "439860000",
            "ebit": "476543000",
            "ebitda": "539333000",
            "netIncome": "463509000"
        },
        {
            "fiscalDateEnding": "2018-09-30",
            "reportedCurrency": "USD",
            "grossProfit": "649469000",
            "totalRevenue": "3001760000",
            "costOfRevenue": "3257917000",
            "costofGoodsAndServicesSold": "1545391000",
            "operatingIncome": "510736000",
            "sellingGeneralAndAdministrative": "1129013000",
            "researchAndDevelopment": "None",
            "operatingExpenses": "1307316000",
            "investmentIncomeNet": "2845000",
            "netInterestIncome": "None",
            "interestIncome": "None",
            "interestExpense": "25513000",
            "nonInterestIncome": "3907386000",
            "otherNonOperatingIncome": "-31970000",
            "depreciation": "None",
            "depreciationAndAmortization": "76363000",
            "incomeBeforeTax": "577192000",
            "incomeTaxExpense": "70071000",
            "interestAndDebtExpense": "28305000",
            "netIncomeFromContinuingOperations": "390563000",
            "comprehensiveIncomeNetOfTax": "526283000",
            "ebit": "510736000",
            "ebitda": "587099000",
            "netIncome": "507121000"
        },
        {
            "fiscalDateEnding": "2018-06-30",
            "reportedCurrency": "USD",
            "grossProfit": "147250000",
            "totalRevenue": "1924421000",
            "costOfRevenue": "2645899000",
            "costofGoodsAndServicesSold": "1005289000",
            "operatingIncome": "76543000",
            "sellingGeneralAndAdministrative": "1018747000",
            "researchAndDevelopment": "None",
            "operatingExpenses": "1258728000",
            "investmentIncomeNet": "3393000",
            "netInterestIncome": "None",
            "interestIncome": "None",
            "interestExpense": "23884000",
            "nonInterestIncome": "2793149000",
            "otherNonOperatingIncome": "-19425000",
            "depreciation": "None",
            "depreciationAndAmortization": "52896000",
            "incomeBeforeTax": "167815000",
            "incomeTaxExpense": "7457000",
            "interestAndDebtExpense": "26999000",
            "netIncomeFromContinuingOperations": "29409000",
            "comprehensiveIncomeNetOfTax": "142310000",
            "ebit": "76543000",
            "ebitda": "129439000",
            "netIncome": "160358000"
        },
        {
            "fiscalDateEnding": "2018-03-31",
            "reportedCurrency": "USD",
            "grossProfit": "222706000",
            "totalRevenue": "2181546000",
            "costOfRevenue": "2822740000",
            "costofGoodsAndServicesSold": "1008641000",
            "operatingIncome": "147552000",
            "sellingGeneralAndAdministrative": "1025353000",
            "researchAndDevelopment": "None",
            "operatingExpenses": "1444880000",
            "investmentIncomeNet": "3228000",
            "netInterestIncome": "None",
            "interestIncome": "None",
            "interestExpense": "21165000",
            "nonInterestIncome": "3034181000",
            "otherNonOperatingIncome": "6346000",
            "depreciation": "None",
            "depreciationAndAmortization": "59594000",
            "incomeBeforeTax": "255134000",
            "incomeTaxExpense": "2341000",
            "interestAndDebtExpense": "24393000",
            "netIncomeFromContinuingOperations": "128975000",
            "comprehensiveIncomeNetOfTax": "314903000",
            "ebit": "147552000",
            "ebitda": "207146000",
            "netIncome": "252793000"
        }
    ]
}