{
    "symbol": "VZ",
    "annualReports": [
        {
            "fiscalDateEnding": "2022-12-31",
            "reportedCurrency": "USD",
            "grossProfit": "91666000000",
            "totalRevenue": "136835000000",
            "costOfRevenue": "45169000000",
            "costofGoodsAndServicesSold": "59133000000",
            "operatingIncome": "30467000000",
            "sellingGeneralAndAdministrative": "30136000000",
            "researchAndDevelopment": "None",
            "operatingExpenses": "49166000000",
            "investmentIncomeNet": "None",
            "netInterestIncome": "-3613000000",
            "interestIncome": "3569000000",
            "interestExpense": "3613000000",
            "nonInterestIncome": "-1077000000",
            "otherNonOperatingIncome": "1373000000",
            "depreciation": "14592000000",
            "depreciationAndAmortization": "17099000000",
            "incomeBeforeTax": "27779000000",
            "incomeTaxExpense": "6523000000",
            "interestAndDebtExpense": "4690000000",
            "netIncomeFromContinuingOperations": "21748000000",
            "comprehensiveIncomeNetOfTax": "20318000000",
            "ebit": "31392000000",
            "ebitda": "48491000000",
            "netIncome": "21256000000"
        },
        {
            "fiscalDateEnding": "2021-12-31",
            "reportedCurrency": "USD",
            "grossProfit": "92325000000",
            "totalRevenue": "133613000000",
            "costOfRevenue": "41288000000",
            "costofGoodsAndServicesSold": "56301000000",
            "operatingIncome": "32448000000",
            "sellingGeneralAndAdministrative": "28658000000",
            "researchAndDevelopment": "None",
            "operatingExpenses": "45156000000",
            "investmentIncomeNet": "None",
            "netInterestIncome": "-3485000000",
            "interestIncome": "3340000000",
            "interestExpense": "3485000000",
            "nonInterestIncome": "-2490000000",
            "otherNonOperatingIncome": "312000000",
            "depreciation": "14119000000",
            "depreciationAndAmortization": "16206000000",
            "incomeBeforeTax": "28867000000",
            "incomeTaxExpense": "6802000000",
            "interestAndDebtExpense": "7026000000",
            "netIncomeFromContinuingOperations": "22618000000",
            "comprehensiveIncomeNetOfTax": "21209000000",
            "ebit": "32352000000",
            "ebitda": "48558000000",
            "netIncome": "22065000000"
        },
        {
            "fiscalDateEnding": "2020-12-31",
            "reportedCurrency": "USD",
            "grossProfit": "79353000000",
            "totalRevenue": "128292000000",
            "costOfRevenue": "48939000000",
            "costofGoodsAndServicesSold": "51201000000",
            "operatingIncome": "28798000000",
            "sellingGeneralAndAdministrative": "31573000000",
            "researchAndDevelopment": "None",
            "operatingExpenses": "50020000000",
            "investmentIncomeNet": "None",
            "netInterestIncome": "-4247000000",
            "interestIncome": "4292000000",
            "interestExpense": "4247000000",
            "nonInterestIncome": "-129000000",
            "otherNonOperatingIncome": "-539000000",
            "depreciation": "14275000000",
            "depreciationAndAmortization": "16720000000",
            "incomeBeforeTax": "23420000000",
            "incomeTaxExpense": "5619000000",
            "interestAndDebtExpense": "4376000000",
            "netIncomeFromContinuingOperations": "18348000000",
            "comprehensiveIncomeNetOfTax": "16732000000",
            "ebit": "27667000000",
            "ebitda": "44387000000",
            "netIncome": "17801000000"
        },
        {
            "fiscalDateEnding": "2019-12-31",
            "reportedCurrency": "USD",
            "grossProfit": "84612000000",
            "totalRevenue": "131868000000",
            "costOfRevenue": "47256000000",
            "costofGoodsAndServicesSold": "54726000000",
            "operatingIncome": "30378000000",
            "sellingGeneralAndAdministrative": "29896000000",
            "researchAndDevelopment": "None",
            "operatingExpenses": "48650000000",
            "investmentIncomeNet": "None",
            "netInterestIncome": "-4730000000",
            "interestIncome": "121000000",
            "interestExpense": "4730000000",
            "nonInterestIncome": "-3604000000",
            "otherNonOperatingIncome": "-2900000000",
            "depreciation": "14371000000",
            "depreciationAndAmortization": "16682000000",
            "incomeBeforeTax": "22210000000",
            "incomeTaxExpense": "2945000000",
            "interestAndDebtExpense": "8334000000",
            "netIncomeFromContinuingOperations": "19788000000",
            "comprehensiveIncomeNetOfTax": "17893000000",
            "ebit": "26940000000",
            "ebitda": "43622000000",
            "netIncome": "19265000000"
        },
        {
            "fiscalDateEnding": "2018-12-31",
            "reportedCurrency": "USD",
            "grossProfit": "77685000000",
            "totalRevenue": "130863000000",
            "costOfRevenue": "53178000000",
            "costofGoodsAndServicesSold": "55508000000",
            "operatingIncome": "22278000000",
            "sellingGeneralAndAdministrative": "31083000000",
            "researchAndDevelopment": "None",
            "operatingExpenses": "56767000000",
            "investmentIncomeNet": "None",
            "netInterestIncome": "-4833000000",
            "interestIncome": "94000000",
            "interestExpense": "4833000000",
            "nonInterestIncome": "-700000000",
            "otherNonOperatingIncome": "2364000000",
            "depreciation": "15186000000",
            "depreciationAndAmortization": "17403000000",
            "incomeBeforeTax": "19112000000",
            "incomeTaxExpense": "3584000000",
            "interestAndDebtExpense": "5533000000",
            "netIncomeFromContinuingOperations": "16039000000",
            "comprehensiveIncomeNetOfTax": "14609000000",
            "ebit": "23945000000",
            "ebitda": "41348000000",
            "netIncome": "15528000000"
        }
    ],
    "quarterlyReports": [
        {
            "fiscalDateEnding": "2023-03-31",
            "reportedCurrency": "USD",
            "grossProfit": "21088000000",
            "totalRevenue": "32912000000",
            "costOfRevenue": "11824000000",
            "costofGoodsAndServicesSold": "13504000000",
            "operatingIncome": "7584000000",
            "sellingGeneralAndAdministrative": "7506000000",
            "researchAndDevelopment": "None",
            "operatingExpenses": "12354000000",
            "investmentIncomeNet": "None",
            "netInterestIncome": "-1207000000",
            "interestIncome": "1198000000",
            "interestExpense": "1207000000",
            "nonInterestIncome": "70000000",
            "otherNonOperatingIncome": "114000000",
            "depreciation": "None",
            "depreciationAndAmortization": "4318000000",
            "incomeBeforeTax": "6391000000",
            "incomeTaxExpense": "1482000000",
            "interestAndDebtExpense": "1137000000",
            "netIncomeFromContinuingOperations": "5018000000",
            "comprehensiveIncomeNetOfTax": "4597000000",
            "ebit": "7598000000",
            "ebitda": "11916000000",
            "netIncome": "4909000000"
        },
        {
            "fiscalDateEnding": "2022-12-31",
            "reportedCurrency": "USD",
            "grossProfit": "25069000000",
            "totalRevenue": "35251000000",
            "costOfRevenue": "10182000000",
            "costofGoodsAndServicesSold": "15762000000",
            "operatingIncome": "7225000000",
            "sellingGeneralAndAdministrative": "8046000000",
            "researchAndDevelopment": "None",
            "operatingExpenses": "13131000000",
            "investmentIncomeNet": "None",
            "netInterestIncome": "-1105000000",
            "interestIncome": "1101000000",
            "interestExpense": "1105000000",
            "nonInterestIncome": "23000000",
            "otherNonOperatingIncome": "2687000000",
            "depreciation": "None",
            "depreciationAndAmortization": "4218000000",
            "incomeBeforeTax": "8690000000",
            "incomeTaxExpense": "2113000000",
            "interestAndDebtExpense": "1082000000",
            "netIncomeFromContinuingOperations": "6698000000",
            "comprehensiveIncomeNetOfTax": "6412000000",
            "ebit": "9795000000",
            "ebitda": "14013000000",
            "netIncome": "6577000000"
        },
        {
            "fiscalDateEnding": "2022-09-30",
            "reportedCurrency": "USD",
            "grossProfit": "22495000000",
            "totalRevenue": "34241000000",
            "costOfRevenue": "11746000000",
            "costofGoodsAndServicesSold": "14601000000",
            "operatingIncome": "7894000000",
            "sellingGeneralAndAdministrative": "7422000000",
            "researchAndDevelopment": "None",
            "operatingExpenses": "11746000000",
            "investmentIncomeNet": "None",
            "netInterestIncome": "-937000000",
            "interestIncome": "935000000",
            "interestExpense": "937000000",
            "nonInterestIncome": "50000000",
            "otherNonOperatingIncome": "-439000000",
            "depreciation": "None",
            "depreciationAndAmortization": "4324000000",
            "incomeBeforeTax": "6396000000",
            "incomeTaxExpense": "1496000000",
            "interestAndDebtExpense": "887000000",
            "netIncomeFromContinuingOperations": "5024000000",
            "comprehensiveIncomeNetOfTax": "4520000000",
            "ebit": "7333000000",
            "ebitda": "11657000000",
            "netIncome": "4900000000"
        },
        {
            "fiscalDateEnding": "2022-06-30",
            "reportedCurrency": "USD",
            "grossProfit": "21956000000",
            "totalRevenue": "33789000000",
            "costOfRevenue": "11833000000",
            "costofGoodsAndServicesSold": "14420000000",
            "operatingIncome": "7552000000",
            "sellingGeneralAndAdministrative": "7496000000",
            "researchAndDevelopment": "None",
            "operatingExpenses": "11833000000",
            "investmentIncomeNet": "None",
            "netInterestIncome": "-785000000",
            "interestIncome": "21000000",
            "interestExpense": "785000000",
            "nonInterestIncome": "50000000",
            "otherNonOperatingIncome": "49000000",
            "depreciation": "None",
            "depreciationAndAmortization": "4321000000",
            "incomeBeforeTax": "6741000000",
            "incomeTaxExpense": "1542000000",
            "interestAndDebtExpense": "735000000",
            "netIncomeFromContinuingOperations": "5315000000",
            "comprehensiveIncomeNetOfTax": "4785000000",
            "ebit": "7526000000",
            "ebitda": "11847000000",
            "netIncome": "5199000000"
        },
        {
            "fiscalDateEnding": "2022-03-31",
            "reportedCurrency": "USD",
            "grossProfit": "22146000000",
            "totalRevenue": "33554000000",
            "costOfRevenue": "11408000000",
            "costofGoodsAndServicesSold": "14350000000",
            "operatingIncome": "7796000000",
            "sellingGeneralAndAdministrative": "7172000000",
            "researchAndDevelopment": "None",
            "operatingExpenses": "11736000000",
            "investmentIncomeNet": "None",
            "netInterestIncome": "-786000000",
            "interestIncome": "10000000",
            "interestExpense": "786000000",
            "nonInterestIncome": "-1200000000",
            "otherNonOperatingIncome": "-924000000",
            "depreciation": "None",
            "depreciationAndAmortization": "4236000000",
            "incomeBeforeTax": "5952000000",
            "incomeTaxExpense": "1372000000",
            "interestAndDebtExpense": "1986000000",
            "netIncomeFromContinuingOperations": "4711000000",
            "comprehensiveIncomeNetOfTax": "4601000000",
            "ebit": "6738000000",
            "ebitda": "10974000000",
            "netIncome": "4580000000"
        },
        {
            "fiscalDateEnding": "2021-12-31",
            "reportedCurrency": "USD",
            "grossProfit": "26283000000",
            "totalRevenue": "34067000000",
            "costOfRevenue": "7784000000",
            "costofGoodsAndServicesSold": "14996000000",
            "operatingIncome": "7608000000",
            "sellingGeneralAndAdministrative": "7412000000",
            "researchAndDevelopment": "None",
            "operatingExpenses": "11048000000",
            "investmentIncomeNet": "None",
            "netInterestIncome": "-739000000",
            "interestIncome": "604000000",
            "interestExpense": "739000000",
            "nonInterestIncome": "-1390000000",
            "otherNonOperatingIncome": "-860000000",
            "depreciation": "None",
            "depreciationAndAmortization": "4051000000",
            "incomeBeforeTax": "6020000000",
            "incomeTaxExpense": "1407000000",
            "interestAndDebtExpense": "3180000000",
            "netIncomeFromContinuingOperations": "4737000000",
            "comprehensiveIncomeNetOfTax": "4395000000",
            "ebit": "6759000000",
            "ebitda": "10810000000",
            "netIncome": "4613000000"
        },
        {
            "fiscalDateEnding": "2021-09-30",
            "reportedCurrency": "USD",
            "grossProfit": "22330000000",
            "totalRevenue": "32915000000",
            "costOfRevenue": "10585000000",
            "costofGoodsAndServicesSold": "13528000000",
            "operatingIncome": "8905000000",
            "sellingGeneralAndAdministrative": "6521000000",
            "researchAndDevelopment": "None",
            "operatingExpenses": "10585000000",
            "investmentIncomeNet": "None",
            "netInterestIncome": "-801000000",
            "interestIncome": "800000000",
            "interestExpense": "801000000",
            "nonInterestIncome": "0",
            "otherNonOperatingIncome": "269000000",
            "depreciation": "None",
            "depreciationAndAmortization": "3961000000",
            "incomeBeforeTax": "8227000000",
            "incomeTaxExpense": "1820000000",
            "interestAndDebtExpense": "801000000",
            "netIncomeFromContinuingOperations": "6554000000",
            "comprehensiveIncomeNetOfTax": "5932000000",
            "ebit": "9028000000",
            "ebitda": "12989000000",
            "netIncome": "6407000000"
        },
        {
            "fiscalDateEnding": "2021-06-30",
            "reportedCurrency": "USD",
            "grossProfit": "22420000000",
            "totalRevenue": "33764000000",
            "costOfRevenue": "11344000000",
            "costofGoodsAndServicesSold": "14255000000",
            "operatingIncome": "8165000000",
            "sellingGeneralAndAdministrative": "7324000000",
            "researchAndDevelopment": "None",
            "operatingExpenses": "11344000000",
            "investmentIncomeNet": "None",
            "netInterestIncome": "-844000000",
            "interestIncome": "843000000",
            "interestExpense": "844000000",
            "nonInterestIncome": "-1100000000",
            "otherNonOperatingIncome": "502000000",
            "depreciation": "None",
            "depreciationAndAmortization": "4020000000",
            "incomeBeforeTax": "7675000000",
            "incomeTaxExpense": "1875000000",
            "interestAndDebtExpense": "1944000000",
            "netIncomeFromContinuingOperations": "5949000000",
            "comprehensiveIncomeNetOfTax": "4926000000",
            "ebit": "8519000000",
            "ebitda": "12539000000",
            "netIncome": "5800000000"
        },
        {
            "fiscalDateEnding": "2021-03-31",
            "reportedCurrency": "USD",
            "grossProfit": "21292000000",
            "totalRevenue": "32867000000",
            "costOfRevenue": "11575000000",
            "costofGoodsAndServicesSold": "13522000000",
            "operatingIncome": "7770000000",
            "sellingGeneralAndAdministrative": "7401000000",
            "researchAndDevelopment": "None",
            "operatingExpenses": "11799000000",
            "investmentIncomeNet": "None",
            "netInterestIncome": "-1101000000",
            "interestIncome": "1093000000",
            "interestExpense": "1101000000",
            "nonInterestIncome": "2200000000",
            "otherNonOperatingIncome": "401000000",
            "depreciation": "None",
            "depreciationAndAmortization": "4174000000",
            "incomeBeforeTax": "6945000000",
            "incomeTaxExpense": "1700000000",
            "interestAndDebtExpense": "1101000000",
            "netIncomeFromContinuingOperations": "5378000000",
            "comprehensiveIncomeNetOfTax": "5956000000",
            "ebit": "8046000000",
            "ebitda": "12220000000",
            "netIncome": "5245000000"
        },
        {
            "fiscalDateEnding": "2020-12-31",
            "reportedCurrency": "USD",
            "grossProfit": "21356000000",
            "totalRevenue": "34692000000",
            "costOfRevenue": "13336000000",
            "costofGoodsAndServicesSold": "14822000000",
            "operatingIncome": "7180000000",
            "sellingGeneralAndAdministrative": "8493000000",
            "researchAndDevelopment": "None",
            "operatingExpenses": "13317000000",
            "investmentIncomeNet": "None",
            "netInterestIncome": "-1080000000",
            "interestIncome": "1091000000",
            "interestExpense": "1080000000",
            "nonInterestIncome": "-129000000",
            "otherNonOperatingIncome": "164000000",
            "depreciation": "None",
            "depreciationAndAmortization": "4197000000",
            "incomeBeforeTax": "6123000000",
            "incomeTaxExpense": "1535000000",
            "interestAndDebtExpense": "1209000000",
            "netIncomeFromContinuingOperations": "4718000000",
            "comprehensiveIncomeNetOfTax": "5329000000",
            "ebit": "7203000000",
            "ebitda": "11400000000",
            "netIncome": "4588000000"
        },
        {
            "fiscalDateEnding": "2020-09-30",
            "reportedCurrency": "USD",
            "grossProfit": "20012000000",
            "totalRevenue": "31543000000",
            "costOfRevenue": "11531000000",
            "costofGoodsAndServicesSold": "12334000000",
            "operatingIncome": "7678000000",
            "sellingGeneralAndAdministrative": "7339000000",
            "researchAndDevelopment": "None",
            "operatingExpenses": "11531000000",
            "investmentIncomeNet": "None",
            "netInterestIncome": "-1044000000",
            "interestIncome": "1040000000",
            "interestExpense": "1044000000",
            "nonInterestIncome": "0",
            "otherNonOperatingIncome": "-774000000",
            "depreciation": "None",
            "depreciationAndAmortization": "4192000000",
            "incomeBeforeTax": "5704000000",
            "incomeTaxExpense": "1347000000",
            "interestAndDebtExpense": "1044000000",
            "netIncomeFromContinuingOperations": "4504000000",
            "comprehensiveIncomeNetOfTax": "4819000000",
            "ebit": "6748000000",
            "ebitda": "10940000000",
            "netIncome": "4357000000"
        },
        {
            "fiscalDateEnding": "2020-06-30",
            "reportedCurrency": "USD",
            "grossProfit": "19110000000",
            "totalRevenue": "30447000000",
            "costOfRevenue": "11337000000",
            "costofGoodsAndServicesSold": "11749000000",
            "operatingIncome": "7361000000",
            "sellingGeneralAndAdministrative": "7156000000",
            "researchAndDevelopment": "None",
            "operatingExpenses": "11337000000",
            "investmentIncomeNet": "None",
            "netInterestIncome": "-1089000000",
            "interestIncome": "16000000",
            "interestExpense": "1089000000",
            "nonInterestIncome": "-102000000",
            "otherNonOperatingIncome": "-72000000",
            "depreciation": "None",
            "depreciationAndAmortization": "4181000000",
            "incomeBeforeTax": "6048000000",
            "incomeTaxExpense": "1348000000",
            "interestAndDebtExpense": "1089000000",
            "netIncomeFromContinuingOperations": "4839000000",
            "comprehensiveIncomeNetOfTax": "4928000000",
            "ebit": "7137000000",
            "ebitda": "11318000000",
            "netIncome": "4700000000"
        },
        {
            "fiscalDateEnding": "2020-03-31",
            "reportedCurrency": "USD",
            "grossProfit": "18875000000",
            "totalRevenue": "31610000000",
            "costOfRevenue": "12735000000",
            "costofGoodsAndServicesSold": "12296000000",
            "operatingIncome": "6579000000",
            "sellingGeneralAndAdministrative": "8585000000",
            "researchAndDevelopment": "None",
            "operatingExpenses": "13288000000",
            "investmentIncomeNet": "None",
            "netInterestIncome": "-1034000000",
            "interestIncome": "20000000",
            "interestExpense": "1034000000",
            "nonInterestIncome": "204000000",
            "otherNonOperatingIncome": "143000000",
            "depreciation": "None",
            "depreciationAndAmortization": "4150000000",
            "incomeBeforeTax": "5545000000",
            "incomeTaxExpense": "1389000000",
            "interestAndDebtExpense": "1034000000",
            "netIncomeFromContinuingOperations": "4287000000",
            "comprehensiveIncomeNetOfTax": "1656000000",
            "ebit": "6579000000",
            "ebitda": "10729000000",
            "netIncome": "4156000000"
        },
        {
            "fiscalDateEnding": "2019-12-31",
            "reportedCurrency": "USD",
            "grossProfit": "34589000000",
            "totalRevenue": "34775000000",
            "costOfRevenue": "186000000",
            "costofGoodsAndServicesSold": "15631000000",
            "operatingIncome": "6639000000",
            "sellingGeneralAndAdministrative": "8214000000",
            "researchAndDevelopment": "None",
            "operatingExpenses": "186000000",
            "investmentIncomeNet": "None",
            "netInterestIncome": "-1159000000",
            "interestIncome": "27000000",
            "interestExpense": "1159000000",
            "nonInterestIncome": "-3510000000",
            "otherNonOperatingIncome": "-1773000000",
            "depreciation": "None",
            "depreciationAndAmortization": "4105000000",
            "incomeBeforeTax": "3590000000",
            "incomeTaxExpense": "-1505000000",
            "interestAndDebtExpense": "4763000000",
            "netIncomeFromContinuingOperations": "6639000000",
            "comprehensiveIncomeNetOfTax": "4989000000",
            "ebit": "4749000000",
            "ebitda": "8854000000",
            "netIncome": "5095000000"
        },
        {
            "fiscalDateEnding": "2019-09-30",
            "reportedCurrency": "USD",
            "grossProfit": "21564000000",
            "totalRevenue": "32894000000",
            "costOfRevenue": "11330000000",
            "costofGoodsAndServicesSold": "13384000000",
            "operatingIncome": "8180000000",
            "sellingGeneralAndAdministrative": "7216000000",
            "researchAndDevelopment": "None",
            "operatingExpenses": "11069000000",
            "investmentIncomeNet": "None",
            "netInterestIncome": "-1146000000",
            "interestIncome": "34000000",
            "interestExpense": "1146000000",
            "nonInterestIncome": "1406000000",
            "otherNonOperatingIncome": "-110000000",
            "depreciation": "None",
            "depreciationAndAmortization": "4114000000",
            "incomeBeforeTax": "6780000000",
            "incomeTaxExpense": "1586000000",
            "interestAndDebtExpense": "1146000000",
            "netIncomeFromContinuingOperations": "5337000000",
            "comprehensiveIncomeNetOfTax": "4851000000",
            "ebit": "7926000000",
            "ebitda": "12040000000",
            "netIncome": "5194000000"
        },
        {
            "fiscalDateEnding": "2019-06-30",
            "reportedCurrency": "USD",
            "grossProfit": "20571000000",
            "totalRevenue": "32071000000",
            "costOfRevenue": "11500000000",
            "costofGoodsAndServicesSold": "12721000000",
            "operatingIncome": "7850000000",
            "sellingGeneralAndAdministrative": "7268000000",
            "researchAndDevelopment": "None",
            "operatingExpenses": "11500000000",
            "investmentIncomeNet": "None",
            "netInterestIncome": "-1215000000",
            "interestIncome": "1197000000",
            "interestExpense": "1215000000",
            "nonInterestIncome": "None",
            "otherNonOperatingIncome": "-1312000000",
            "depreciation": "None",
            "depreciationAndAmortization": "4232000000",
            "incomeBeforeTax": "5180000000",
            "incomeTaxExpense": "1236000000",
            "interestAndDebtExpense": "1215000000",
            "netIncomeFromContinuingOperations": "4074000000",
            "comprehensiveIncomeNetOfTax": "3175000000",
            "ebit": "6395000000",
            "ebitda": "10627000000",
            "netIncome": "3944000000"
        },
        {
            "fiscalDateEnding": "2019-03-31",
            "reportedCurrency": "USD",
            "grossProfit": "20544000000",
            "totalRevenue": "32128000000",
            "costOfRevenue": "11584000000",
            "costofGoodsAndServicesSold": "12990000000",
            "operatingIncome": "7709000000",
            "sellingGeneralAndAdministrative": "7198000000",
            "researchAndDevelopment": "None",
            "operatingExpenses": "11748000000",
            "investmentIncomeNet": "None",
            "netInterestIncome": "-1210000000",
            "interestIncome": "29000000",
            "interestExpense": "1210000000",
            "nonInterestIncome": "None",
            "otherNonOperatingIncome": "295000000",
            "depreciation": "None",
            "depreciationAndAmortization": "4231000000",
            "incomeBeforeTax": "6660000000",
            "incomeTaxExpense": "1628000000",
            "interestAndDebtExpense": "1210000000",
            "netIncomeFromContinuingOperations": "5160000000",
            "comprehensiveIncomeNetOfTax": "4878000000",
            "ebit": "7870000000",
            "ebitda": "12101000000",
            "netIncome": "5032000000"
        },
        {
            "fiscalDateEnding": "2018-12-31",
            "reportedCurrency": "USD",
            "grossProfit": "34281000000",
            "totalRevenue": "34281000000",
            "costOfRevenue": "4600000000",
            "costofGoodsAndServicesSold": "15291000000",
            "operatingIncome": "637000000",
            "sellingGeneralAndAdministrative": "9410000000",
            "researchAndDevelopment": "None",
            "operatingExpenses": "4600000000",
            "investmentIncomeNet": "None",
            "netInterestIncome": "-1199000000",
            "interestIncome": "None",
            "interestExpense": "1199000000",
            "nonInterestIncome": "0",
            "otherNonOperatingIncome": "1865000000",
            "depreciation": "None",
            "depreciationAndAmortization": "4352000000",
            "incomeBeforeTax": "1241000000",
            "incomeTaxExpense": "-698000000",
            "interestAndDebtExpense": "1199000000",
            "netIncomeFromContinuingOperations": "637000000",
            "comprehensiveIncomeNetOfTax": "1108000000",
            "ebit": "2440000000",
            "ebitda": "6792000000",
            "netIncome": "1939000000"
        },
        {
            "fiscalDateEnding": "2018-09-30",
            "reportedCurrency": "USD",
            "grossProfit": "20869000000",
            "totalRevenue": "32607000000",
            "costOfRevenue": "11738000000",
            "costofGoodsAndServicesSold": "13331000000",
            "operatingIncome": "7675000000",
            "sellingGeneralAndAdministrative": "7224000000",
            "researchAndDevelopment": "None",
            "operatingExpenses": "11738000000",
            "investmentIncomeNet": "None",
            "netInterestIncome": "-1211000000",
            "interestIncome": "None",
            "interestExpense": "1211000000",
            "nonInterestIncome": "-500000000",
            "otherNonOperatingIncome": "214000000",
            "depreciation": "None",
            "depreciationAndAmortization": "4377000000",
            "incomeBeforeTax": "6537000000",
            "incomeTaxExpense": "1613000000",
            "interestAndDebtExpense": "1711000000",
            "netIncomeFromContinuingOperations": "5062000000",
            "comprehensiveIncomeNetOfTax": "4920000000",
            "ebit": "7748000000",
            "ebitda": "12125000000",
            "netIncome": "4924000000"
        },
        {
            "fiscalDateEnding": "2018-06-30",
            "reportedCurrency": "USD",
            "grossProfit": "19828000000",
            "totalRevenue": "32203000000",
            "costOfRevenue": "12375000000",
            "costofGoodsAndServicesSold": "13631000000",
            "operatingIncome": "6617000000",
            "sellingGeneralAndAdministrative": "7605000000",
            "researchAndDevelopment": "None",
            "operatingExpenses": "12375000000",
            "investmentIncomeNet": "None",
            "netInterestIncome": "-1222000000",
            "interestIncome": "None",
            "interestExpense": "1222000000",
            "nonInterestIncome": "0",
            "otherNonOperatingIncome": "360000000",
            "depreciation": "None",
            "depreciationAndAmortization": "4350000000",
            "incomeBeforeTax": "5401000000",
            "incomeTaxExpense": "1281000000",
            "interestAndDebtExpense": "1222000000",
            "netIncomeFromContinuingOperations": "4246000000",
            "comprehensiveIncomeNetOfTax": "3620000000",
            "ebit": "6623000000",
            "ebitda": "10973000000",
            "netIncome": "4120000000"
        }
    ]
}