{
    "symbol": "WY",
    "annualReports": [
        {
            "fiscalDateEnding": "2022-12-31",
            "reportedCurrency": "USD",
            "grossProfit": "3620000000",
            "totalRevenue": "10184000000",
            "costOfRevenue": "6564000000",
            "costofGoodsAndServicesSold": "6564000000",
            "operatingIncome": "3080000000",
            "sellingGeneralAndAdministrative": "491000000",
            "researchAndDevelopment": "6000000",
            "operatingExpenses": "511000000",
            "investmentIncomeNet": "None",
            "netInterestIncome": "-270000000",
            "interestIncome": "245000000",
            "interestExpense": "270000000",
            "nonInterestIncome": "-266000000",
            "otherNonOperatingIncome": "-32000000",
            "depreciation": "None",
            "depreciationAndAmortization": "-25000000",
            "incomeBeforeTax": "2305000000",
            "incomeTaxExpense": "425000000",
            "interestAndDebtExpense": "546000000",
            "netIncomeFromContinuingOperations": "1880000000",
            "comprehensiveIncomeNetOfTax": "2112000000",
            "ebit": "2575000000",
            "ebitda": "3055000000",
            "netIncome": "1880000000"
        },
        {
            "fiscalDateEnding": "2021-12-31",
            "reportedCurrency": "USD",
            "grossProfit": "4098000000",
            "totalRevenue": "10201000000",
            "costOfRevenue": "6103000000",
            "costofGoodsAndServicesSold": "6103000000",
            "operatingIncome": "3643000000",
            "sellingGeneralAndAdministrative": "491000000",
            "researchAndDevelopment": "5000000",
            "operatingExpenses": "458000000",
            "investmentIncomeNet": "None",
            "netInterestIncome": "-313000000",
            "interestIncome": "308000000",
            "interestExpense": "313000000",
            "nonInterestIncome": "37000000",
            "otherNonOperatingIncome": "-42000000",
            "depreciation": "None",
            "depreciationAndAmortization": "463000000",
            "incomeBeforeTax": "3316000000",
            "incomeTaxExpense": "709000000",
            "interestAndDebtExpense": "313000000",
            "netIncomeFromContinuingOperations": "2607000000",
            "comprehensiveIncomeNetOfTax": "2950000000",
            "ebit": "3629000000",
            "ebitda": "4106000000",
            "netIncome": "2607000000"
        },
        {
            "fiscalDateEnding": "2020-12-31",
            "reportedCurrency": "USD",
            "grossProfit": "2085000000",
            "totalRevenue": "7532000000",
            "costOfRevenue": "5447000000",
            "costofGoodsAndServicesSold": "5447000000",
            "operatingIncome": "1710000000",
            "sellingGeneralAndAdministrative": "430000000",
            "researchAndDevelopment": "5000000",
            "operatingExpenses": "261000000",
            "investmentIncomeNet": "None",
            "netInterestIncome": "-443000000",
            "interestIncome": "-92000000",
            "interestExpense": "351000000",
            "nonInterestIncome": "179000000",
            "otherNonOperatingIncome": "-35000000",
            "depreciation": "None",
            "depreciationAndAmortization": "472000000",
            "incomeBeforeTax": "982000000",
            "incomeTaxExpense": "185000000",
            "interestAndDebtExpense": "443000000",
            "netIncomeFromContinuingOperations": "797000000",
            "comprehensiveIncomeNetOfTax": "879000000",
            "ebit": "1333000000",
            "ebitda": "1716000000",
            "netIncome": "797000000"
        },
        {
            "fiscalDateEnding": "2019-12-31",
            "reportedCurrency": "USD",
            "grossProfit": "1142000000",
            "totalRevenue": "6554000000",
            "costOfRevenue": "5412000000",
            "costofGoodsAndServicesSold": "5412000000",
            "operatingIncome": "651000000",
            "sellingGeneralAndAdministrative": "432000000",
            "researchAndDevelopment": "6000000",
            "operatingExpenses": "604000000",
            "investmentIncomeNet": "None",
            "netInterestIncome": "-378000000",
            "interestIncome": "30000000",
            "interestExpense": "378000000",
            "nonInterestIncome": "3000000",
            "otherNonOperatingIncome": "-28000000",
            "depreciation": "None",
            "depreciationAndAmortization": "510000000",
            "incomeBeforeTax": "-213000000",
            "incomeTaxExpense": "-137000000",
            "interestAndDebtExpense": "378000000",
            "netIncomeFromContinuingOperations": "-76000000",
            "comprehensiveIncomeNetOfTax": "172000000",
            "ebit": "165000000",
            "ebitda": "755000000",
            "netIncome": "-76000000"
        },
        {
            "fiscalDateEnding": "2018-12-31",
            "reportedCurrency": "USD",
            "grossProfit": "1884000000",
            "totalRevenue": "7476000000",
            "costOfRevenue": "5592000000",
            "costofGoodsAndServicesSold": "5592000000",
            "operatingIncome": "1394000000",
            "sellingGeneralAndAdministrative": "406000000",
            "researchAndDevelopment": "8000000",
            "operatingExpenses": "449000000",
            "investmentIncomeNet": "None",
            "netInterestIncome": "-375000000",
            "interestIncome": "60000000",
            "interestExpense": "375000000",
            "nonInterestIncome": "-19000000",
            "otherNonOperatingIncome": "-52000000",
            "depreciation": "197000000",
            "depreciationAndAmortization": "None",
            "incomeBeforeTax": "807000000",
            "incomeTaxExpense": "59000000",
            "interestAndDebtExpense": "375000000",
            "netIncomeFromContinuingOperations": "748000000",
            "comprehensiveIncomeNetOfTax": "1420000000",
            "ebit": "1182000000",
            "ebitda": "1182000000",
            "netIncome": "748000000"
        }
    ],
    "quarterlyReports": [
        {
            "fiscalDateEnding": "2023-03-31",
            "reportedCurrency": "USD",
            "grossProfit": "369000000",
            "totalRevenue": "1881000000",
            "costOfRevenue": "1512000000",
            "costofGoodsAndServicesSold": "1512000000",
            "operatingIncome": "236000000",
            "sellingGeneralAndAdministrative": "123000000",
            "researchAndDevelopment": "2000000",
            "operatingExpenses": "126000000",
            "investmentIncomeNet": "None",
            "netInterestIncome": "-66000000",
            "interestIncome": "54000000",
            "interestExpense": "66000000",
            "nonInterestIncome": "-1000000",
            "otherNonOperatingIncome": "-6000000",
            "depreciation": "None",
            "depreciationAndAmortization": "None",
            "incomeBeforeTax": "173000000",
            "incomeTaxExpense": "22000000",
            "interestAndDebtExpense": "66000000",
            "netIncomeFromContinuingOperations": "151000000",
            "comprehensiveIncomeNetOfTax": "158000000",
            "ebit": "239000000",
            "ebitda": "365000000",
            "netIncome": "151000000"
        },
        {
            "fiscalDateEnding": "2022-12-31",
            "reportedCurrency": "USD",
            "grossProfit": "389000000",
            "totalRevenue": "1823000000",
            "costOfRevenue": "1434000000",
            "costofGoodsAndServicesSold": "1434000000",
            "operatingIncome": "232000000",
            "sellingGeneralAndAdministrative": "127000000",
            "researchAndDevelopment": "2000000",
            "operatingExpenses": "10000000",
            "investmentIncomeNet": "None",
            "netInterestIncome": "-66000000",
            "interestIncome": "50000000",
            "interestExpense": "66000000",
            "nonInterestIncome": "-2000000",
            "otherNonOperatingIncome": "-15000000",
            "depreciation": "None",
            "depreciationAndAmortization": "25000000",
            "incomeBeforeTax": "-34000000",
            "incomeTaxExpense": "-45000000",
            "interestAndDebtExpense": "66000000",
            "netIncomeFromContinuingOperations": "-20000000",
            "comprehensiveIncomeNetOfTax": "182000000",
            "ebit": "32000000",
            "ebitda": "270000000",
            "netIncome": "11000000"
        },
        {
            "fiscalDateEnding": "2022-09-30",
            "reportedCurrency": "USD",
            "grossProfit": "582000000",
            "totalRevenue": "2276000000",
            "costOfRevenue": "1694000000",
            "costofGoodsAndServicesSold": "1694000000",
            "operatingIncome": "457000000",
            "sellingGeneralAndAdministrative": "124000000",
            "researchAndDevelopment": "1000000",
            "operatingExpenses": "127000000",
            "investmentIncomeNet": "None",
            "netInterestIncome": "-67000000",
            "interestIncome": "9000000",
            "interestExpense": "67000000",
            "nonInterestIncome": "8000000",
            "otherNonOperatingIncome": "-6000000",
            "depreciation": "None",
            "depreciationAndAmortization": "116000000",
            "incomeBeforeTax": "387000000",
            "incomeTaxExpense": "77000000",
            "interestAndDebtExpense": "67000000",
            "netIncomeFromContinuingOperations": "310000000",
            "comprehensiveIncomeNetOfTax": "290000000",
            "ebit": "454000000",
            "ebitda": "573000000",
            "netIncome": "310000000"
        },
        {
            "fiscalDateEnding": "2022-06-30",
            "reportedCurrency": "USD",
            "grossProfit": "1184000000",
            "totalRevenue": "2973000000",
            "costOfRevenue": "1789000000",
            "costofGoodsAndServicesSold": "1789000000",
            "operatingIncome": "1047000000",
            "sellingGeneralAndAdministrative": "125000000",
            "researchAndDevelopment": "2000000",
            "operatingExpenses": "131000000",
            "investmentIncomeNet": "None",
            "netInterestIncome": "-65000000",
            "interestIncome": "1000000",
            "interestExpense": "65000000",
            "nonInterestIncome": "3000000",
            "otherNonOperatingIncome": "-9000000",
            "depreciation": "None",
            "depreciationAndAmortization": "231000000",
            "incomeBeforeTax": "972000000",
            "incomeTaxExpense": "184000000",
            "interestAndDebtExpense": "65000000",
            "netIncomeFromContinuingOperations": "788000000",
            "comprehensiveIncomeNetOfTax": "840000000",
            "ebit": "1037000000",
            "ebitda": "1278000000",
            "netIncome": "788000000"
        },
        {
            "fiscalDateEnding": "2022-03-31",
            "reportedCurrency": "USD",
            "grossProfit": "1465000000",
            "totalRevenue": "3112000000",
            "costOfRevenue": "1647000000",
            "costofGoodsAndServicesSold": "1647000000",
            "operatingIncome": "1344000000",
            "sellingGeneralAndAdministrative": "115000000",
            "researchAndDevelopment": "1000000",
            "operatingExpenses": "120000000",
            "investmentIncomeNet": "None",
            "netInterestIncome": "-72000000",
            "interestIncome": "73000000",
            "interestExpense": "72000000",
            "nonInterestIncome": "-275000000",
            "otherNonOperatingIncome": "-2000000",
            "depreciation": "None",
            "depreciationAndAmortization": "-157000000",
            "incomeBeforeTax": "980000000",
            "incomeTaxExpense": "209000000",
            "interestAndDebtExpense": "348000000",
            "netIncomeFromContinuingOperations": "771000000",
            "comprehensiveIncomeNetOfTax": "800000000",
            "ebit": "1052000000",
            "ebitda": "1175000000",
            "netIncome": "771000000"
        },
        {
            "fiscalDateEnding": "2021-12-31",
            "reportedCurrency": "USD",
            "grossProfit": "705000000",
            "totalRevenue": "2206000000",
            "costOfRevenue": "1501000000",
            "costofGoodsAndServicesSold": "1501000000",
            "operatingIncome": "609000000",
            "sellingGeneralAndAdministrative": "140000000",
            "researchAndDevelopment": "2000000",
            "operatingExpenses": "125000000",
            "investmentIncomeNet": "None",
            "netInterestIncome": "-77000000",
            "interestIncome": "76000000",
            "interestExpense": "77000000",
            "nonInterestIncome": "3000000",
            "otherNonOperatingIncome": "-14000000",
            "depreciation": "None",
            "depreciationAndAmortization": "121000000",
            "incomeBeforeTax": "528000000",
            "incomeTaxExpense": "112000000",
            "interestAndDebtExpense": "77000000",
            "netIncomeFromContinuingOperations": "416000000",
            "comprehensiveIncomeNetOfTax": "588000000",
            "ebit": "605000000",
            "ebitda": "726000000",
            "netIncome": "416000000"
        },
        {
            "fiscalDateEnding": "2021-09-30",
            "reportedCurrency": "USD",
            "grossProfit": "756000000",
            "totalRevenue": "2345000000",
            "costOfRevenue": "1589000000",
            "costofGoodsAndServicesSold": "1589000000",
            "operatingIncome": "649000000",
            "sellingGeneralAndAdministrative": "122000000",
            "researchAndDevelopment": "1000000",
            "operatingExpenses": "96000000",
            "investmentIncomeNet": "None",
            "netInterestIncome": "-79000000",
            "interestIncome": "1000000",
            "interestExpense": "79000000",
            "nonInterestIncome": "37000000",
            "otherNonOperatingIncome": "-16000000",
            "depreciation": "None",
            "depreciationAndAmortization": "118000000",
            "incomeBeforeTax": "566000000",
            "incomeTaxExpense": "84000000",
            "interestAndDebtExpense": "79000000",
            "netIncomeFromContinuingOperations": "482000000",
            "comprehensiveIncomeNetOfTax": "487000000",
            "ebit": "645000000",
            "ebitda": "763000000",
            "netIncome": "482000000"
        },
        {
            "fiscalDateEnding": "2021-06-30",
            "reportedCurrency": "USD",
            "grossProfit": "1561000000",
            "totalRevenue": "3144000000",
            "costOfRevenue": "1583000000",
            "costofGoodsAndServicesSold": "1583000000",
            "operatingIncome": "1429000000",
            "sellingGeneralAndAdministrative": "119000000",
            "researchAndDevelopment": "1000000",
            "operatingExpenses": "123000000",
            "investmentIncomeNet": "None",
            "netInterestIncome": "-78000000",
            "interestIncome": "2000000",
            "interestExpense": "78000000",
            "nonInterestIncome": "-1000000",
            "otherNonOperatingIncome": "-8000000",
            "depreciation": "None",
            "depreciationAndAmortization": "120000000",
            "incomeBeforeTax": "1352000000",
            "incomeTaxExpense": "324000000",
            "interestAndDebtExpense": "78000000",
            "netIncomeFromContinuingOperations": "1028000000",
            "comprehensiveIncomeNetOfTax": "1164000000",
            "ebit": "1430000000",
            "ebitda": "1550000000",
            "netIncome": "1028000000"
        },
        {
            "fiscalDateEnding": "2021-03-31",
            "reportedCurrency": "USD",
            "grossProfit": "1076000000",
            "totalRevenue": "2506000000",
            "costOfRevenue": "1430000000",
            "costofGoodsAndServicesSold": "1430000000",
            "operatingIncome": "956000000",
            "sellingGeneralAndAdministrative": "110000000",
            "researchAndDevelopment": "1000000",
            "operatingExpenses": "114000000",
            "investmentIncomeNet": "None",
            "netInterestIncome": "-79000000",
            "interestIncome": "1000000",
            "interestExpense": "79000000",
            "nonInterestIncome": "-2000000",
            "otherNonOperatingIncome": "-4000000",
            "depreciation": "None",
            "depreciationAndAmortization": "118000000",
            "incomeBeforeTax": "870000000",
            "incomeTaxExpense": "189000000",
            "interestAndDebtExpense": "79000000",
            "netIncomeFromContinuingOperations": "681000000",
            "comprehensiveIncomeNetOfTax": "711000000",
            "ebit": "949000000",
            "ebitda": "1067000000",
            "netIncome": "681000000"
        },
        {
            "fiscalDateEnding": "2020-12-31",
            "reportedCurrency": "USD",
            "grossProfit": "671000000",
            "totalRevenue": "2063000000",
            "costOfRevenue": "1392000000",
            "costofGoodsAndServicesSold": "1392000000",
            "operatingIncome": "717000000",
            "sellingGeneralAndAdministrative": "114000000",
            "researchAndDevelopment": "1000000",
            "operatingExpenses": "-68000000",
            "investmentIncomeNet": "None",
            "netInterestIncome": "-144000000",
            "interestIncome": "-92000000",
            "interestExpense": "52000000",
            "nonInterestIncome": "182000000",
            "otherNonOperatingIncome": "-18000000",
            "depreciation": "None",
            "depreciationAndAmortization": "117000000",
            "incomeBeforeTax": "311000000",
            "incomeTaxExpense": "19000000",
            "interestAndDebtExpense": "144000000",
            "netIncomeFromContinuingOperations": "292000000",
            "comprehensiveIncomeNetOfTax": "300000000",
            "ebit": "363000000",
            "ebitda": "572000000",
            "netIncome": "292000000"
        },
        {
            "fiscalDateEnding": "2020-09-30",
            "reportedCurrency": "USD",
            "grossProfit": "720000000",
            "totalRevenue": "2110000000",
            "costOfRevenue": "1390000000",
            "costofGoodsAndServicesSold": "1390000000",
            "operatingIncome": "510000000",
            "sellingGeneralAndAdministrative": "118000000",
            "researchAndDevelopment": "1000000",
            "operatingExpenses": "126000000",
            "investmentIncomeNet": "None",
            "netInterestIncome": "-111000000",
            "interestIncome": "86000000",
            "interestExpense": "111000000",
            "nonInterestIncome": "2000000",
            "otherNonOperatingIncome": "-6000000",
            "depreciation": "None",
            "depreciationAndAmortization": "355000",
            "incomeBeforeTax": "392000000",
            "incomeTaxExpense": "109000000",
            "interestAndDebtExpense": "111000000",
            "netIncomeFromContinuingOperations": "283000000",
            "comprehensiveIncomeNetOfTax": "313000000",
            "ebit": "503000000",
            "ebitda": "503000000",
            "netIncome": "283000000"
        },
        {
            "fiscalDateEnding": "2020-06-30",
            "reportedCurrency": "USD",
            "grossProfit": "348000000",
            "totalRevenue": "1631000000",
            "costOfRevenue": "1283000000",
            "costofGoodsAndServicesSold": "1283000000",
            "operatingIncome": "243000000",
            "sellingGeneralAndAdministrative": "102000000",
            "researchAndDevelopment": "2000000",
            "operatingExpenses": "110000000",
            "investmentIncomeNet": "None",
            "netInterestIncome": "-103000000",
            "interestIncome": "2000000",
            "interestExpense": "103000000",
            "nonInterestIncome": "3000000",
            "otherNonOperatingIncome": "-6000000",
            "depreciation": "None",
            "depreciationAndAmortization": "None",
            "incomeBeforeTax": "132000000",
            "incomeTaxExpense": "60000000",
            "interestAndDebtExpense": "103000000",
            "netIncomeFromContinuingOperations": "72000000",
            "comprehensiveIncomeNetOfTax": "113000000",
            "ebit": "235000000",
            "ebitda": "235000000",
            "netIncome": "72000000"
        },
        {
            "fiscalDateEnding": "2020-03-31",
            "reportedCurrency": "USD",
            "grossProfit": "346000000",
            "totalRevenue": "1728000000",
            "costOfRevenue": "1382000000",
            "costofGoodsAndServicesSold": "1382000000",
            "operatingIncome": "240000000",
            "sellingGeneralAndAdministrative": "96000000",
            "researchAndDevelopment": "1000000",
            "operatingExpenses": "93000000",
            "investmentIncomeNet": "None",
            "netInterestIncome": "-85000000",
            "interestIncome": "1000000",
            "interestExpense": "85000000",
            "nonInterestIncome": "-8000000",
            "otherNonOperatingIncome": "-5000000",
            "depreciation": "None",
            "depreciationAndAmortization": "None",
            "incomeBeforeTax": "147000000",
            "incomeTaxExpense": "-3000000",
            "interestAndDebtExpense": "85000000",
            "netIncomeFromContinuingOperations": "150000000",
            "comprehensiveIncomeNetOfTax": "153000000",
            "ebit": "232000000",
            "ebitda": "232000000",
            "netIncome": "150000000"
        },
        {
            "fiscalDateEnding": "2019-12-31",
            "reportedCurrency": "USD",
            "grossProfit": "247000000",
            "totalRevenue": "1548000000",
            "costOfRevenue": "1301000000",
            "costofGoodsAndServicesSold": "1301000000",
            "operatingIncome": "89000000",
            "sellingGeneralAndAdministrative": "116000000",
            "researchAndDevelopment": "2000000",
            "operatingExpenses": "80000000",
            "investmentIncomeNet": "None",
            "netInterestIncome": "-89000000",
            "interestIncome": "8000000",
            "interestExpense": "89000000",
            "nonInterestIncome": "5000000",
            "otherNonOperatingIncome": "-8000000",
            "depreciation": "None",
            "depreciationAndAmortization": "None",
            "incomeBeforeTax": "-13000000",
            "incomeTaxExpense": "1000000",
            "interestAndDebtExpense": "89000000",
            "netIncomeFromContinuingOperations": "-13000000",
            "comprehensiveIncomeNetOfTax": "-182000000",
            "ebit": "76000000",
            "ebitda": "76000000",
            "netIncome": "-14000000"
        },
        {
            "fiscalDateEnding": "2019-09-30",
            "reportedCurrency": "USD",
            "grossProfit": "272000000",
            "totalRevenue": "1671000000",
            "costOfRevenue": "1399000000",
            "costofGoodsAndServicesSold": "1399000000",
            "operatingIncome": "202000000",
            "sellingGeneralAndAdministrative": "105000000",
            "researchAndDevelopment": "1000000",
            "operatingExpenses": "137000000",
            "investmentIncomeNet": "None",
            "netInterestIncome": "-91000000",
            "interestIncome": "6000000",
            "interestExpense": "91000000",
            "nonInterestIncome": "-1000000",
            "otherNonOperatingIncome": "-6000000",
            "depreciation": "None",
            "depreciationAndAmortization": "None",
            "incomeBeforeTax": "102000000",
            "incomeTaxExpense": "3000000",
            "interestAndDebtExpense": "91000000",
            "netIncomeFromContinuingOperations": "199000000",
            "comprehensiveIncomeNetOfTax": "118000000",
            "ebit": "193000000",
            "ebitda": "193000000",
            "netIncome": "99000000"
        },
        {
            "fiscalDateEnding": "2019-06-30",
            "reportedCurrency": "USD",
            "grossProfit": "302000000",
            "totalRevenue": "1692000000",
            "costOfRevenue": "1390000000",
            "costofGoodsAndServicesSold": "1390000000",
            "operatingIncome": "186000000",
            "sellingGeneralAndAdministrative": "101000000",
            "researchAndDevelopment": "2000000",
            "operatingExpenses": "118000000",
            "investmentIncomeNet": "None",
            "netInterestIncome": "-91000000",
            "interestIncome": "6000000",
            "interestExpense": "91000000",
            "nonInterestIncome": "2000000",
            "otherNonOperatingIncome": "-6000000",
            "depreciation": "None",
            "depreciationAndAmortization": "None",
            "incomeBeforeTax": "91000000",
            "incomeTaxExpense": "-37000000",
            "interestAndDebtExpense": "91000000",
            "netIncomeFromContinuingOperations": "223000000",
            "comprehensiveIncomeNetOfTax": "167000000",
            "ebit": "182000000",
            "ebitda": "182000000",
            "netIncome": "128000000"
        },
        {
            "fiscalDateEnding": "2019-03-31",
            "reportedCurrency": "USD",
            "grossProfit": "321000000",
            "totalRevenue": "1643000000",
            "costOfRevenue": "1322000000",
            "costofGoodsAndServicesSold": "1322000000",
            "operatingIncome": "174000000",
            "sellingGeneralAndAdministrative": "110000000",
            "researchAndDevelopment": "1000000",
            "operatingExpenses": "144000000",
            "investmentIncomeNet": "None",
            "netInterestIncome": "-107000000",
            "interestIncome": "85000000",
            "interestExpense": "107000000",
            "nonInterestIncome": "-3000000",
            "otherNonOperatingIncome": "-8000000",
            "depreciation": "None",
            "depreciationAndAmortization": "None",
            "incomeBeforeTax": "-393000000",
            "incomeTaxExpense": "-104000000",
            "interestAndDebtExpense": "107000000",
            "netIncomeFromContinuingOperations": "278000000",
            "comprehensiveIncomeNetOfTax": "69000000",
            "ebit": "-286000000",
            "ebitda": "-286000000",
            "netIncome": "-289000000"
        },
        {
            "fiscalDateEnding": "2018-12-31",
            "reportedCurrency": "USD",
            "grossProfit": "291000000",
            "totalRevenue": "1636000000",
            "costOfRevenue": "1345000000",
            "costofGoodsAndServicesSold": "1345000000",
            "operatingIncome": "177000000",
            "sellingGeneralAndAdministrative": "104000000",
            "researchAndDevelopment": "2000000",
            "operatingExpenses": "75000000",
            "investmentIncomeNet": "None",
            "netInterestIncome": "-97000000",
            "interestIncome": "None",
            "interestExpense": "97000000",
            "nonInterestIncome": "-21000000",
            "otherNonOperatingIncome": "24000000",
            "depreciation": "None",
            "depreciationAndAmortization": "None",
            "incomeBeforeTax": "-114000000",
            "incomeTaxExpense": "-21000000",
            "interestAndDebtExpense": "97000000",
            "netIncomeFromContinuingOperations": "-114000000",
            "comprehensiveIncomeNetOfTax": "307000000",
            "ebit": "-17000000",
            "ebitda": "-17000000",
            "netIncome": "-93000000"
        },
        {
            "fiscalDateEnding": "2018-09-30",
            "reportedCurrency": "USD",
            "grossProfit": "458000000",
            "totalRevenue": "1910000000",
            "costOfRevenue": "1452000000",
            "costofGoodsAndServicesSold": "1452000000",
            "operatingIncome": "337000000",
            "sellingGeneralAndAdministrative": "98000000",
            "researchAndDevelopment": "2000000",
            "operatingExpenses": "119000000",
            "investmentIncomeNet": "None",
            "netInterestIncome": "-93000000",
            "interestIncome": "None",
            "interestExpense": "93000000",
            "nonInterestIncome": "-1000000",
            "otherNonOperatingIncome": "13000000",
            "depreciation": "None",
            "depreciationAndAmortization": "None",
            "incomeBeforeTax": "240000000",
            "incomeTaxExpense": "-15000000",
            "interestAndDebtExpense": "93000000",
            "netIncomeFromContinuingOperations": "352000000",
            "comprehensiveIncomeNetOfTax": "306000000",
            "ebit": "333000000",
            "ebitda": "333000000",
            "netIncome": "255000000"
        },
        {
            "fiscalDateEnding": "2018-06-30",
            "reportedCurrency": "USD",
            "grossProfit": "618000000",
            "totalRevenue": "2065000000",
            "costOfRevenue": "1447000000",
            "costofGoodsAndServicesSold": "1447000000",
            "operatingIncome": "476000000",
            "sellingGeneralAndAdministrative": "103000000",
            "researchAndDevelopment": "2000000",
            "operatingExpenses": "124000000",
            "investmentIncomeNet": "None",
            "netInterestIncome": "-92000000",
            "interestIncome": "None",
            "interestExpense": "92000000",
            "nonInterestIncome": "3000000",
            "otherNonOperatingIncome": "11000000",
            "depreciation": "None",
            "depreciationAndAmortization": "None",
            "incomeBeforeTax": "382000000",
            "incomeTaxExpense": "65000000",
            "interestAndDebtExpense": "92000000",
            "netIncomeFromContinuingOperations": "411000000",
            "comprehensiveIncomeNetOfTax": "500000000",
            "ebit": "474000000",
            "ebitda": "474000000",
            "netIncome": "317000000"
        }
    ]
}