{
    "symbol": "AEP",
    "annualReports": [
        {
            "fiscalDateEnding": "2022-12-31",
            "reportedCurrency": "USD",
            "grossProfit": "18082700000",
            "totalRevenue": "19639500000",
            "costOfRevenue": "1556800000",
            "costofGoodsAndServicesSold": "7097900000",
            "operatingIncome": "3482700000",
            "sellingGeneralAndAdministrative": "1469800000",
            "researchAndDevelopment": "None",
            "operatingExpenses": "16156800000",
            "investmentIncomeNet": "None",
            "netInterestIncome": "-1396100000",
            "interestIncome": "None",
            "interestExpense": "1396100000",
            "nonInterestIncome": "20333200000",
            "otherNonOperatingIncome": "11600000",
            "depreciation": "3072800000",
            "depreciationAndAmortization": "164300000",
            "incomeBeforeTax": "2312600000",
            "incomeTaxExpense": "5400000",
            "interestAndDebtExpense": "1396100000",
            "netIncomeFromContinuingOperations": "2304200000",
            "comprehensiveIncomeNetOfTax": "2206100000",
            "ebit": "3482700000",
            "ebitda": "3873000000",
            "netIncome": "2307200000"
        },
        {
            "fiscalDateEnding": "2021-12-31",
            "reportedCurrency": "USD",
            "grossProfit": "15391300000",
            "totalRevenue": "16792000000",
            "costOfRevenue": "1400700000",
            "costofGoodsAndServicesSold": "6588100000",
            "operatingIncome": "3411300000",
            "sellingGeneralAndAdministrative": "1407600000",
            "researchAndDevelopment": "None",
            "operatingExpenses": "13380700000",
            "investmentIncomeNet": "None",
            "netInterestIncome": "-1199100000",
            "interestIncome": "None",
            "interestExpense": "1199100000",
            "nonInterestIncome": "17116000000",
            "otherNonOperatingIncome": "41400000",
            "depreciation": "2717100000",
            "depreciationAndAmortization": "6700000",
            "incomeBeforeTax": "2603600000",
            "incomeTaxExpense": "115500000",
            "interestAndDebtExpense": "1199100000",
            "netIncomeFromContinuingOperations": "2484700000",
            "comprehensiveIncomeNetOfTax": "2758000000",
            "ebit": "3411300000",
            "ebitda": "3809400000",
            "netIncome": "2488100000"
        },
        {
            "fiscalDateEnding": "2020-12-31",
            "reportedCurrency": "USD",
            "grossProfit": "13621000000",
            "totalRevenue": "14918500000",
            "costOfRevenue": "1297500000",
            "costofGoodsAndServicesSold": "5380100000",
            "operatingIncome": "2987700000",
            "sellingGeneralAndAdministrative": "1295500000",
            "researchAndDevelopment": "None",
            "operatingExpenses": "11930800000",
            "investmentIncomeNet": "None",
            "netInterestIncome": "-1165700000",
            "interestIncome": "None",
            "interestExpense": "1165700000",
            "nonInterestIncome": "15035400000",
            "otherNonOperatingIncome": "57000000",
            "depreciation": "2487500000",
            "depreciationAndAmortization": "18600000",
            "incomeBeforeTax": "2240600000",
            "incomeTaxExpense": "40500000",
            "interestAndDebtExpense": "1165700000",
            "netIncomeFromContinuingOperations": "2193800000",
            "comprehensiveIncomeNetOfTax": "2262700000",
            "ebit": "2987700000",
            "ebitda": "3424900000",
            "netIncome": "2200100000"
        },
        {
            "fiscalDateEnding": "2019-12-31",
            "reportedCurrency": "USD",
            "grossProfit": "14347400000",
            "totalRevenue": "15561400000",
            "costOfRevenue": "1214000000",
            "costofGoodsAndServicesSold": "6320000000",
            "operatingIncome": "2592300000",
            "sellingGeneralAndAdministrative": "1234500000",
            "researchAndDevelopment": "None",
            "operatingExpenses": "12969100000",
            "investmentIncomeNet": "None",
            "netInterestIncome": "-1072500000",
            "interestIncome": "904100000",
            "interestExpense": "1072500000",
            "nonInterestIncome": "15686400000",
            "otherNonOperatingIncome": "26600000",
            "depreciation": "2203700000",
            "depreciationAndAmortization": "-3000000",
            "incomeBeforeTax": "1908200000",
            "incomeTaxExpense": "-12900000",
            "interestAndDebtExpense": "1072500000",
            "netIncomeFromContinuingOperations": "1916800000",
            "comprehensiveIncomeNetOfTax": "1893800000",
            "ebit": "2592300000",
            "ebitda": "2977700000",
            "netIncome": "1921100000"
        },
        {
            "fiscalDateEnding": "2018-12-31",
            "reportedCurrency": "USD",
            "grossProfit": "14897900000",
            "totalRevenue": "16195700000",
            "costOfRevenue": "1297800000",
            "costofGoodsAndServicesSold": "7033900000",
            "operatingIncome": "2682700000",
            "sellingGeneralAndAdministrative": "1387700000",
            "researchAndDevelopment": "None",
            "operatingExpenses": "13513000000",
            "investmentIncomeNet": "11600000",
            "netInterestIncome": "-984400000",
            "interestIncome": "11600000",
            "interestExpense": "984400000",
            "nonInterestIncome": "16487000000",
            "otherNonOperatingIncome": "18200000",
            "depreciation": "1965000000",
            "depreciationAndAmortization": "-59100000",
            "incomeBeforeTax": "2039100000",
            "incomeTaxExpense": "115300000",
            "interestAndDebtExpense": "984400000",
            "netIncomeFromContinuingOperations": "1931300000",
            "comprehensiveIncomeNetOfTax": "1900100000",
            "ebit": "2682700000",
            "ebitda": "2964400000",
            "netIncome": "1923800000"
        }
    ],
    "quarterlyReports": [
        {
            "fiscalDateEnding": "2022-12-31",
            "reportedCurrency": "USD",
            "grossProfit": "4868200000",
            "totalRevenue": "4881100000",
            "costOfRevenue": "12900000",
            "costofGoodsAndServicesSold": "1309400000",
            "operatingIncome": "560100000",
            "sellingGeneralAndAdministrative": "351300000",
            "researchAndDevelopment": "None",
            "operatingExpenses": "4321000000",
            "investmentIncomeNet": "None",
            "netInterestIncome": "-394400000",
            "interestIncome": "None",
            "interestExpense": "394400000",
            "nonInterestIncome": "4871000000",
            "otherNonOperatingIncome": "17200000",
            "depreciation": "None",
            "depreciationAndAmortization": "-295600000",
            "incomeBeforeTax": "299000000",
            "incomeTaxExpense": "-85300000",
            "interestAndDebtExpense": "394400000",
            "netIncomeFromContinuingOperations": "382000000",
            "comprehensiveIncomeNetOfTax": "-6900000",
            "ebit": "560100000",
            "ebitda": "397800000",
            "netIncome": "384300000"
        },
        {
            "fiscalDateEnding": "2022-09-30",
            "reportedCurrency": "USD",
            "grossProfit": "5163600000",
            "totalRevenue": "5526100000",
            "costOfRevenue": "362500000",
            "costofGoodsAndServicesSold": "2111900000",
            "operatingIncome": "930100000",
            "sellingGeneralAndAdministrative": "384800000",
            "researchAndDevelopment": "None",
            "operatingExpenses": "4596000000",
            "investmentIncomeNet": "None",
            "netInterestIncome": "-360700000",
            "interestIncome": "None",
            "interestExpense": "360700000",
            "nonInterestIncome": "5756700000",
            "otherNonOperatingIncome": "4800000",
            "depreciation": "None",
            "depreciationAndAmortization": "268300000",
            "incomeBeforeTax": "667600000",
            "incomeTaxExpense": "-16100000",
            "interestAndDebtExpense": "360700000",
            "netIncomeFromContinuingOperations": "683300000",
            "comprehensiveIncomeNetOfTax": "607200000",
            "ebit": "930100000",
            "ebitda": "1296600000",
            "netIncome": "683700000"
        },
        {
            "fiscalDateEnding": "2022-06-30",
            "reportedCurrency": "USD",
            "grossProfit": "4248500000",
            "totalRevenue": "4639700000",
            "costOfRevenue": "391200000",
            "costofGoodsAndServicesSold": "1890900000",
            "operatingIncome": "1004400000",
            "sellingGeneralAndAdministrative": "369500000",
            "researchAndDevelopment": "None",
            "operatingExpenses": "3635300000",
            "investmentIncomeNet": "None",
            "netInterestIncome": "-327600000",
            "interestIncome": "None",
            "interestExpense": "327600000",
            "nonInterestIncome": "4897600000",
            "otherNonOperatingIncome": "-12700000",
            "depreciation": "None",
            "depreciationAndAmortization": "273600000",
            "incomeBeforeTax": "578500000",
            "incomeTaxExpense": "54000000",
            "interestAndDebtExpense": "327600000",
            "netIncomeFromContinuingOperations": "520800000",
            "comprehensiveIncomeNetOfTax": "645300000",
            "ebit": "1004400000",
            "ebitda": "1179700000",
            "netIncome": "524500000"
        },
        {
            "fiscalDateEnding": "2022-03-31",
            "reportedCurrency": "USD",
            "grossProfit": "4331800000",
            "totalRevenue": "4592600000",
            "costOfRevenue": "260800000",
            "costofGoodsAndServicesSold": "1785700000",
            "operatingIncome": "988100000",
            "sellingGeneralAndAdministrative": "364200000",
            "researchAndDevelopment": "None",
            "operatingExpenses": "3604500000",
            "investmentIncomeNet": "None",
            "netInterestIncome": "-313400000",
            "interestIncome": "None",
            "interestExpense": "313400000",
            "nonInterestIncome": "4807900000",
            "otherNonOperatingIncome": "2300000",
            "depreciation": "None",
            "depreciationAndAmortization": "-82000000",
            "incomeBeforeTax": "767500000",
            "incomeTaxExpense": "52800000",
            "interestAndDebtExpense": "313400000",
            "netIncomeFromContinuingOperations": "718100000",
            "comprehensiveIncomeNetOfTax": "960500000",
            "ebit": "988100000",
            "ebitda": "998900000",
            "netIncome": "714700000"
        },
        {
            "fiscalDateEnding": "2021-12-31",
            "reportedCurrency": "USD",
            "grossProfit": "4125900000",
            "totalRevenue": "4061400000",
            "costOfRevenue": "-64500000",
            "costofGoodsAndServicesSold": "1645000000",
            "operatingIncome": "683700000",
            "sellingGeneralAndAdministrative": "346200000",
            "researchAndDevelopment": "None",
            "operatingExpenses": "3377700000",
            "investmentIncomeNet": "None",
            "netInterestIncome": "-303600000",
            "interestIncome": "None",
            "interestExpense": "303600000",
            "nonInterestIncome": "4119800000",
            "otherNonOperatingIncome": "7200000",
            "depreciation": "None",
            "depreciationAndAmortization": "-408400000",
            "incomeBeforeTax": "468900000",
            "incomeTaxExpense": "-70000000",
            "interestAndDebtExpense": "303600000",
            "netIncomeFromContinuingOperations": "535200000",
            "comprehensiveIncomeNetOfTax": "449000000",
            "ebit": "683700000",
            "ebitda": "364100000",
            "netIncome": "538900000"
        },
        {
            "fiscalDateEnding": "2021-09-30",
            "reportedCurrency": "USD",
            "grossProfit": "4291800000",
            "totalRevenue": "4623000000",
            "costOfRevenue": "331200000",
            "costofGoodsAndServicesSold": "1719200000",
            "operatingIncome": "1107400000",
            "sellingGeneralAndAdministrative": "360800000",
            "researchAndDevelopment": "None",
            "operatingExpenses": "3515600000",
            "investmentIncomeNet": "None",
            "netInterestIncome": "-303700000",
            "interestIncome": "None",
            "interestExpense": "303700000",
            "nonInterestIncome": "4792400000",
            "otherNonOperatingIncome": "-20600000",
            "depreciation": "None",
            "depreciationAndAmortization": "247800000",
            "incomeBeforeTax": "865800000",
            "incomeTaxExpense": "69800000",
            "interestAndDebtExpense": "303700000",
            "netIncomeFromContinuingOperations": "796900000",
            "comprehensiveIncomeNetOfTax": "973700000",
            "ebit": "1107400000",
            "ebitda": "1417300000",
            "netIncome": "796000000"
        },
        {
            "fiscalDateEnding": "2021-06-30",
            "reportedCurrency": "USD",
            "grossProfit": "3502100000",
            "totalRevenue": "3826500000",
            "costOfRevenue": "324400000",
            "costofGoodsAndServicesSold": "1388300000",
            "operatingIncome": "809900000",
            "sellingGeneralAndAdministrative": "354100000",
            "researchAndDevelopment": "None",
            "operatingExpenses": "3016600000",
            "investmentIncomeNet": "None",
            "netInterestIncome": "-301600000",
            "interestIncome": "None",
            "interestExpense": "301600000",
            "nonInterestIncome": "3893300000",
            "otherNonOperatingIncome": "33100000",
            "depreciation": "None",
            "depreciationAndAmortization": "242100000",
            "incomeBeforeTax": "639400000",
            "incomeTaxExpense": "61200000",
            "interestAndDebtExpense": "301600000",
            "netIncomeFromContinuingOperations": "573800000",
            "comprehensiveIncomeNetOfTax": "706000000",
            "ebit": "809900000",
            "ebitda": "1183100000",
            "netIncome": "578200000"
        },
        {
            "fiscalDateEnding": "2021-03-31",
            "reportedCurrency": "USD",
            "grossProfit": "4039000000",
            "totalRevenue": "4281100000",
            "costOfRevenue": "242100000",
            "costofGoodsAndServicesSold": "1835600000",
            "operatingIncome": "810300000",
            "sellingGeneralAndAdministrative": "346500000",
            "researchAndDevelopment": "None",
            "operatingExpenses": "3470800000",
            "investmentIncomeNet": "None",
            "netInterestIncome": "-290200000",
            "interestIncome": "None",
            "interestExpense": "290200000",
            "nonInterestIncome": "4310500000",
            "otherNonOperatingIncome": "21700000",
            "depreciation": "None",
            "depreciationAndAmortization": "-74800000",
            "incomeBeforeTax": "629500000",
            "incomeTaxExpense": "54500000",
            "interestAndDebtExpense": "290200000",
            "netIncomeFromContinuingOperations": "578800000",
            "comprehensiveIncomeNetOfTax": "629300000",
            "ebit": "810300000",
            "ebitda": "844900000",
            "netIncome": "575000000"
        },
        {
            "fiscalDateEnding": "2020-12-31",
            "reportedCurrency": "USD",
            "grossProfit": "3673900000",
            "totalRevenue": "3610600000",
            "costOfRevenue": "-63300000",
            "costofGoodsAndServicesSold": "1333300000",
            "operatingIncome": "570200000",
            "sellingGeneralAndAdministrative": "319200000",
            "researchAndDevelopment": "None",
            "operatingExpenses": "3040400000",
            "investmentIncomeNet": "None",
            "netInterestIncome": "-288300000",
            "interestIncome": "None",
            "interestExpense": "288300000",
            "nonInterestIncome": "3645600000",
            "otherNonOperatingIncome": "41600000",
            "depreciation": "None",
            "depreciationAndAmortization": "-378300000",
            "incomeBeforeTax": "418100000",
            "incomeTaxExpense": "-17400000",
            "interestAndDebtExpense": "288300000",
            "netIncomeFromContinuingOperations": "431800000",
            "comprehensiveIncomeNetOfTax": "485800000",
            "ebit": "570200000",
            "ebitda": "328100000",
            "netIncome": "435500000"
        },
        {
            "fiscalDateEnding": "2020-09-30",
            "reportedCurrency": "USD",
            "grossProfit": "3758400000",
            "totalRevenue": "4066400000",
            "costOfRevenue": "308000000",
            "costofGoodsAndServicesSold": "1438000000",
            "operatingIncome": "943200000",
            "sellingGeneralAndAdministrative": "337700000",
            "researchAndDevelopment": "None",
            "operatingExpenses": "3123200000",
            "investmentIncomeNet": "None",
            "netInterestIncome": "-291300000",
            "interestIncome": "None",
            "interestExpense": "291300000",
            "nonInterestIncome": "4102400000",
            "otherNonOperatingIncome": "5500000",
            "depreciation": "None",
            "depreciationAndAmortization": "223300000",
            "incomeBeforeTax": "747400000",
            "incomeTaxExpense": "-1200000",
            "interestAndDebtExpense": "291300000",
            "netIncomeFromContinuingOperations": "748200000",
            "comprehensiveIncomeNetOfTax": "786100000",
            "ebit": "943200000",
            "ebitda": "1262000000",
            "netIncome": "748600000"
        },
        {
            "fiscalDateEnding": "2020-06-30",
            "reportedCurrency": "USD",
            "grossProfit": "3206300000",
            "totalRevenue": "3494000000",
            "costOfRevenue": "287700000",
            "costofGoodsAndServicesSold": "1208300000",
            "operatingIncome": "722700000",
            "sellingGeneralAndAdministrative": "317500000",
            "researchAndDevelopment": "None",
            "operatingExpenses": "2771300000",
            "investmentIncomeNet": "None",
            "netInterestIncome": "-294000000",
            "interestIncome": "258900000",
            "interestExpense": "294000000",
            "nonInterestIncome": "3572800000",
            "otherNonOperatingIncome": "14300000",
            "depreciation": "None",
            "depreciationAndAmortization": "233400000",
            "incomeBeforeTax": "533400000",
            "incomeTaxExpense": "12600000",
            "interestAndDebtExpense": "294000000",
            "netIncomeFromContinuingOperations": "514500000",
            "comprehensiveIncomeNetOfTax": "564400000",
            "ebit": "722700000",
            "ebitda": "1060800000",
            "netIncome": "520800000"
        },
        {
            "fiscalDateEnding": "2020-03-31",
            "reportedCurrency": "USD",
            "grossProfit": "3515900000",
            "totalRevenue": "3747500000",
            "costOfRevenue": "231600000",
            "costofGoodsAndServicesSold": "1400500000",
            "operatingIncome": "751600000",
            "sellingGeneralAndAdministrative": "321100000",
            "researchAndDevelopment": "None",
            "operatingExpenses": "2995900000",
            "investmentIncomeNet": "None",
            "netInterestIncome": "-292100000",
            "interestIncome": "260700000",
            "interestExpense": "292100000",
            "nonInterestIncome": "3714600000",
            "otherNonOperatingIncome": "-4400000",
            "depreciation": "None",
            "depreciationAndAmortization": "-59800000",
            "incomeBeforeTax": "541700000",
            "incomeTaxExpense": "46500000",
            "interestAndDebtExpense": "292100000",
            "netIncomeFromContinuingOperations": "499300000",
            "comprehensiveIncomeNetOfTax": "426400000",
            "ebit": "751600000",
            "ebitda": "774000000",
            "netIncome": "495200000"
        },
        {
            "fiscalDateEnding": "2019-12-31",
            "reportedCurrency": "USD",
            "grossProfit": "3616000000",
            "totalRevenue": "3616000000",
            "costOfRevenue": "-15400000",
            "costofGoodsAndServicesSold": "1460200000",
            "operatingIncome": "294700000",
            "sellingGeneralAndAdministrative": "301800000",
            "researchAndDevelopment": "None",
            "operatingExpenses": "3321300000",
            "investmentIncomeNet": "None",
            "netInterestIncome": "-290900000",
            "interestIncome": "244800000",
            "interestExpense": "290900000",
            "nonInterestIncome": "3667300000",
            "otherNonOperatingIncome": "8200000",
            "depreciation": "None",
            "depreciationAndAmortization": "-389700000",
            "incomeBeforeTax": "109100000",
            "incomeTaxExpense": "-43600000",
            "interestAndDebtExpense": "290900000",
            "netIncomeFromContinuingOperations": "294700000",
            "comprehensiveIncomeNetOfTax": "193700000",
            "ebit": "294700000",
            "ebitda": "10300000",
            "netIncome": "152700000"
        },
        {
            "fiscalDateEnding": "2019-09-30",
            "reportedCurrency": "USD",
            "grossProfit": "4008000000",
            "totalRevenue": "4315000000",
            "costOfRevenue": "307000000",
            "costofGoodsAndServicesSold": "1682800000",
            "operatingIncome": "958200000",
            "sellingGeneralAndAdministrative": "320500000",
            "researchAndDevelopment": "None",
            "operatingExpenses": "3356800000",
            "investmentIncomeNet": "None",
            "netInterestIncome": "-275100000",
            "interestIncome": "232100000",
            "interestExpense": "275100000",
            "nonInterestIncome": "4358100000",
            "otherNonOperatingIncome": "3200000",
            "depreciation": "None",
            "depreciationAndAmortization": "16500000",
            "incomeBeforeTax": "774100000",
            "incomeTaxExpense": "40600000",
            "interestAndDebtExpense": "275100000",
            "netIncomeFromContinuingOperations": "733900000",
            "comprehensiveIncomeNetOfTax": "776300000",
            "ebit": "958200000",
            "ebitda": "1065700000",
            "netIncome": "733500000"
        },
        {
            "fiscalDateEnding": "2019-06-30",
            "reportedCurrency": "USD",
            "grossProfit": "3301300000",
            "totalRevenue": "3573600000",
            "costOfRevenue": "272300000",
            "costofGoodsAndServicesSold": "1490300000",
            "operatingIncome": "551000000",
            "sellingGeneralAndAdministrative": "302300000",
            "researchAndDevelopment": "None",
            "operatingExpenses": "3022600000",
            "investmentIncomeNet": "None",
            "netInterestIncome": "-250700000",
            "interestIncome": "200300000",
            "interestExpense": "250700000",
            "nonInterestIncome": "3629100000",
            "otherNonOperatingIncome": "6600000",
            "depreciation": "None",
            "depreciationAndAmortization": "213200000",
            "incomeBeforeTax": "406900000",
            "incomeTaxExpense": "-54400000",
            "interestAndDebtExpense": "250700000",
            "netIncomeFromContinuingOperations": "459100000",
            "comprehensiveIncomeNetOfTax": "381300000",
            "ebit": "551000000",
            "ebitda": "870800000",
            "netIncome": "461300000"
        },
        {
            "fiscalDateEnding": "2019-03-31",
            "reportedCurrency": "USD",
            "grossProfit": "3852500000",
            "totalRevenue": "4056800000",
            "costOfRevenue": "204300000",
            "costofGoodsAndServicesSold": "1686700000",
            "operatingIncome": "788400000",
            "sellingGeneralAndAdministrative": "309900000",
            "researchAndDevelopment": "None",
            "operatingExpenses": "3268400000",
            "investmentIncomeNet": "None",
            "netInterestIncome": "-255800000",
            "interestIncome": "226900000",
            "interestExpense": "255800000",
            "nonInterestIncome": "4031900000",
            "otherNonOperatingIncome": "8600000",
            "depreciation": "None",
            "depreciationAndAmortization": "-75600000",
            "incomeBeforeTax": "617300000",
            "incomeTaxExpense": "44500000",
            "interestAndDebtExpense": "255800000",
            "netIncomeFromContinuingOperations": "574100000",
            "comprehensiveIncomeNetOfTax": "542500000",
            "ebit": "788400000",
            "ebitda": "797500000",
            "netIncome": "572800000"
        },
        {
            "fiscalDateEnding": "2018-12-31",
            "reportedCurrency": "USD",
            "grossProfit": "3801100000",
            "totalRevenue": "3801100000",
            "costOfRevenue": "225300000",
            "costofGoodsAndServicesSold": "1662100000",
            "operatingIncome": "551100000",
            "sellingGeneralAndAdministrative": "524700000",
            "researchAndDevelopment": "None",
            "operatingExpenses": "3250000000",
            "investmentIncomeNet": "300000",
            "netInterestIncome": "-251300000",
            "interestIncome": "None",
            "interestExpense": "251300000",
            "nonInterestIncome": "3823600000",
            "otherNonOperatingIncome": "-300000",
            "depreciation": "None",
            "depreciationAndAmortization": "-363900000",
            "incomeBeforeTax": "386600000",
            "incomeTaxExpense": "21800000",
            "interestAndDebtExpense": "251300000",
            "netIncomeFromContinuingOperations": "551100000",
            "comprehensiveIncomeNetOfTax": "329000000",
            "ebit": "551100000",
            "ebitda": "274000000",
            "netIncome": "364800000"
        },
        {
            "fiscalDateEnding": "2018-09-30",
            "reportedCurrency": "USD",
            "grossProfit": "4070800000",
            "totalRevenue": "4333100000",
            "costOfRevenue": "262300000",
            "costofGoodsAndServicesSold": "1941700000",
            "operatingIncome": "668600000",
            "sellingGeneralAndAdministrative": "294200000",
            "researchAndDevelopment": "None",
            "operatingExpenses": "3664500000",
            "investmentIncomeNet": "5400000",
            "netInterestIncome": "-256800000",
            "interestIncome": "None",
            "interestExpense": "256800000",
            "nonInterestIncome": "4372900000",
            "otherNonOperatingIncome": "6300000",
            "depreciation": "None",
            "depreciationAndAmortization": "184900000",
            "incomeBeforeTax": "496900000",
            "incomeTaxExpense": "-80700000",
            "interestAndDebtExpense": "256800000",
            "netIncomeFromContinuingOperations": "579700000",
            "comprehensiveIncomeNetOfTax": "586400000",
            "ebit": "668600000",
            "ebitda": "938600000",
            "netIncome": "577600000"
        },
        {
            "fiscalDateEnding": "2018-06-30",
            "reportedCurrency": "USD",
            "grossProfit": "2386400000",
            "totalRevenue": "4013200000",
            "costOfRevenue": "1626800000",
            "costofGoodsAndServicesSold": "1343600000",
            "operatingIncome": "757000000",
            "sellingGeneralAndAdministrative": "283200000",
            "researchAndDevelopment": "None",
            "operatingExpenses": "3256200000",
            "investmentIncomeNet": "3800000",
            "netInterestIncome": "-242300000",
            "interestIncome": "None",
            "interestExpense": "242300000",
            "nonInterestIncome": "4177100000",
            "otherNonOperatingIncome": "6700000",
            "depreciation": "None",
            "depreciationAndAmortization": "183600000",
            "incomeBeforeTax": "600600000",
            "incomeTaxExpense": "72200000",
            "interestAndDebtExpense": "242300000",
            "netIncomeFromContinuingOperations": "530100000",
            "comprehensiveIncomeNetOfTax": "529000000",
            "ebit": "757000000",
            "ebitda": "1026500000",
            "netIncome": "528400000"
        },
        {
            "fiscalDateEnding": "2018-03-31",
            "reportedCurrency": "USD",
            "grossProfit": "2334300000",
            "totalRevenue": "4048300000",
            "costOfRevenue": "1714000000",
            "costofGoodsAndServicesSold": "1492100000",
            "operatingIncome": "706000000",
            "sellingGeneralAndAdministrative": "285600000",
            "researchAndDevelopment": "None",
            "operatingExpenses": "3342300000",
            "investmentIncomeNet": "2100000",
            "netInterestIncome": "-234000000",
            "interestIncome": "None",
            "interestExpense": "234000000",
            "nonInterestIncome": "4148200000",
            "otherNonOperatingIncome": "5500000",
            "depreciation": "None",
            "depreciationAndAmortization": "-63700000",
            "incomeBeforeTax": "556400000",
            "incomeTaxExpense": "102000000",
            "interestAndDebtExpense": "234000000",
            "netIncomeFromContinuingOperations": "456700000",
            "comprehensiveIncomeNetOfTax": "455700000",
            "ebit": "706000000",
            "ebitda": "726700000",
            "netIncome": "454400000"
        }
    ]
}