{
    "symbol": "APTV",
    "annualReports": [
        {
            "fiscalDateEnding": "2022-12-31",
            "reportedCurrency": "USD",
            "grossProfit": "581000000",
            "totalRevenue": "17489000000",
            "costOfRevenue": "16908000000",
            "costofGoodsAndServicesSold": "14854000000",
            "operatingIncome": "1263000000",
            "sellingGeneralAndAdministrative": "1138000000",
            "researchAndDevelopment": "1120000000",
            "operatingExpenses": "3202000000",
            "investmentIncomeNet": "5000000",
            "netInterestIncome": "-219000000",
            "interestIncome": "86000000",
            "interestExpense": "219000000",
            "nonInterestIncome": "0",
            "otherNonOperatingIncome": "-12000000",
            "depreciation": "613000000",
            "depreciationAndAmortization": "762000000",
            "incomeBeforeTax": "715000000",
            "incomeTaxExpense": "121000000",
            "interestAndDebtExpense": "219000000",
            "netIncomeFromContinuingOperations": "594000000",
            "comprehensiveIncomeNetOfTax": "475000000",
            "ebit": "934000000",
            "ebitda": "1696000000",
            "netIncome": "594000000"
        },
        {
            "fiscalDateEnding": "2021-12-31",
            "reportedCurrency": "USD",
            "grossProfit": "562000000",
            "totalRevenue": "15618000000",
            "costOfRevenue": "15056000000",
            "costofGoodsAndServicesSold": "13182000000",
            "operatingIncome": "1189000000",
            "sellingGeneralAndAdministrative": "1075000000",
            "researchAndDevelopment": "1030000000",
            "operatingExpenses": "2926000000",
            "investmentIncomeNet": "6000000",
            "netInterestIncome": "-150000000",
            "interestIncome": "None",
            "interestExpense": "150000000",
            "nonInterestIncome": "-126000000",
            "otherNonOperatingIncome": "1000000",
            "depreciation": "625000000",
            "depreciationAndAmortization": "773000000",
            "incomeBeforeTax": "691000000",
            "incomeTaxExpense": "101000000",
            "interestAndDebtExpense": "276000000",
            "netIncomeFromContinuingOperations": "590000000",
            "comprehensiveIncomeNetOfTax": "463000000",
            "ebit": "841000000",
            "ebitda": "1614000000",
            "netIncome": "590000000"
        },
        {
            "fiscalDateEnding": "2020-12-31",
            "reportedCurrency": "USD",
            "grossProfit": "1940000000",
            "totalRevenue": "13066000000",
            "costOfRevenue": "11126000000",
            "costofGoodsAndServicesSold": "11126000000",
            "operatingIncome": "2118000000",
            "sellingGeneralAndAdministrative": "976000000",
            "researchAndDevelopment": "1024000000",
            "operatingExpenses": "2952000000",
            "investmentIncomeNet": "9000000",
            "netInterestIncome": "-164000000",
            "interestIncome": "8000000",
            "interestExpense": "164000000",
            "nonInterestIncome": "0",
            "otherNonOperatingIncome": "6000000",
            "depreciation": "620000000",
            "depreciationAndAmortization": "764000000",
            "incomeBeforeTax": "1853000000",
            "incomeTaxExpense": "49000000",
            "interestAndDebtExpense": "164000000",
            "netIncomeFromContinuingOperations": "1804000000",
            "comprehensiveIncomeNetOfTax": "1978000000",
            "ebit": "2017000000",
            "ebitda": "2781000000",
            "netIncome": "1804000000"
        },
        {
            "fiscalDateEnding": "2019-12-31",
            "reportedCurrency": "USD",
            "grossProfit": "2646000000",
            "totalRevenue": "14357000000",
            "costOfRevenue": "11711000000",
            "costofGoodsAndServicesSold": "11711000000",
            "operatingIncome": "1276000000",
            "sellingGeneralAndAdministrative": "1076000000",
            "researchAndDevelopment": "1165000000",
            "operatingExpenses": "3125000000",
            "investmentIncomeNet": "9000000",
            "netInterestIncome": "-164000000",
            "interestIncome": "13000000",
            "interestExpense": "164000000",
            "nonInterestIncome": "-6000000",
            "otherNonOperatingIncome": "20000000",
            "depreciation": "571000000",
            "depreciationAndAmortization": "717000000",
            "incomeBeforeTax": "1122000000",
            "incomeTaxExpense": "132000000",
            "interestAndDebtExpense": "170000000",
            "netIncomeFromContinuingOperations": "990000000",
            "comprehensiveIncomeNetOfTax": "974000000",
            "ebit": "1286000000",
            "ebitda": "2003000000",
            "netIncome": "990000000"
        },
        {
            "fiscalDateEnding": "2018-12-31",
            "reportedCurrency": "USD",
            "grossProfit": "2729000000",
            "totalRevenue": "14435000000",
            "costOfRevenue": "11706000000",
            "costofGoodsAndServicesSold": "11706000000",
            "operatingIncome": "1473000000",
            "sellingGeneralAndAdministrative": "993000000",
            "researchAndDevelopment": "1155000000",
            "operatingExpenses": "3033000000",
            "investmentIncomeNet": "12000000",
            "netInterestIncome": "-141000000",
            "interestIncome": "21000000",
            "interestExpense": "141000000",
            "nonInterestIncome": "0",
            "otherNonOperatingIncome": "36000000",
            "depreciation": "522000000",
            "depreciationAndAmortization": "676000000",
            "incomeBeforeTax": "1317000000",
            "incomeTaxExpense": "250000000",
            "interestAndDebtExpense": "141000000",
            "netIncomeFromContinuingOperations": "1067000000",
            "comprehensiveIncomeNetOfTax": "844000000",
            "ebit": "1458000000",
            "ebitda": "2134000000",
            "netIncome": "1067000000"
        }
    ],
    "quarterlyReports": [
        {
            "fiscalDateEnding": "2022-12-31",
            "reportedCurrency": "USD",
            "grossProfit": "813000000",
            "totalRevenue": "4640000000",
            "costOfRevenue": "3827000000",
            "costofGoodsAndServicesSold": "3827000000",
            "operatingIncome": "440000000",
            "sellingGeneralAndAdministrative": "303000000",
            "researchAndDevelopment": "None",
            "operatingExpenses": "53000000",
            "investmentIncomeNet": "None",
            "netInterestIncome": "-62000000",
            "interestIncome": "51000000",
            "interestExpense": "62000000",
            "nonInterestIncome": "None",
            "otherNonOperatingIncome": "-7000000",
            "depreciation": "151000000",
            "depreciationAndAmortization": "188000000",
            "incomeBeforeTax": "274000000",
            "incomeTaxExpense": "25000000",
            "interestAndDebtExpense": "62000000",
            "netIncomeFromContinuingOperations": "249000000",
            "comprehensiveIncomeNetOfTax": "609000000",
            "ebit": "336000000",
            "ebitda": "524000000",
            "netIncome": "249000000"
        },
        {
            "fiscalDateEnding": "2022-09-30",
            "reportedCurrency": "USD",
            "grossProfit": "302000000",
            "totalRevenue": "4614000000",
            "costOfRevenue": "4312000000",
            "costofGoodsAndServicesSold": "3821000000",
            "operatingIncome": "470000000",
            "sellingGeneralAndAdministrative": "275000000",
            "researchAndDevelopment": "None",
            "operatingExpenses": "487000000",
            "investmentIncomeNet": "3000000",
            "netInterestIncome": "-58000000",
            "interestIncome": "26000000",
            "interestExpense": "58000000",
            "nonInterestIncome": "None",
            "otherNonOperatingIncome": "10000000",
            "depreciation": "153000000",
            "depreciationAndAmortization": "190000000",
            "incomeBeforeTax": "360000000",
            "incomeTaxExpense": "59000000",
            "interestAndDebtExpense": "58000000",
            "netIncomeFromContinuingOperations": "301000000",
            "comprehensiveIncomeNetOfTax": "92000000",
            "ebit": "418000000",
            "ebitda": "608000000",
            "netIncome": "301000000"
        },
        {
            "fiscalDateEnding": "2022-06-30",
            "reportedCurrency": "USD",
            "grossProfit": "-66000000",
            "totalRevenue": "4057000000",
            "costOfRevenue": "4123000000",
            "costofGoodsAndServicesSold": "3617000000",
            "operatingIncome": "97000000",
            "sellingGeneralAndAdministrative": "286000000",
            "researchAndDevelopment": "None",
            "operatingExpenses": "503000000",
            "investmentIncomeNet": "None",
            "netInterestIncome": "-56000000",
            "interestIncome": "7000000",
            "interestExpense": "56000000",
            "nonInterestIncome": "None",
            "otherNonOperatingIncome": "-10000000",
            "depreciation": "155000000",
            "depreciationAndAmortization": "193000000",
            "incomeBeforeTax": "-29000000",
            "incomeTaxExpense": "16000000",
            "interestAndDebtExpense": "56000000",
            "netIncomeFromContinuingOperations": "-45000000",
            "comprehensiveIncomeNetOfTax": "-322000000",
            "ebit": "27000000",
            "ebitda": "220000000",
            "netIncome": "-45000000"
        },
        {
            "fiscalDateEnding": "2022-03-31",
            "reportedCurrency": "USD",
            "grossProfit": "98000000",
            "totalRevenue": "4178000000",
            "costOfRevenue": "4080000000",
            "costofGoodsAndServicesSold": "3589000000",
            "operatingIncome": "256000000",
            "sellingGeneralAndAdministrative": "274000000",
            "researchAndDevelopment": "None",
            "operatingExpenses": "487000000",
            "investmentIncomeNet": "None",
            "netInterestIncome": "-43000000",
            "interestIncome": "2000000",
            "interestExpense": "43000000",
            "nonInterestIncome": "None",
            "otherNonOperatingIncome": "-5000000",
            "depreciation": "154000000",
            "depreciationAndAmortization": "191000000",
            "incomeBeforeTax": "110000000",
            "incomeTaxExpense": "21000000",
            "interestAndDebtExpense": "43000000",
            "netIncomeFromContinuingOperations": "89000000",
            "comprehensiveIncomeNetOfTax": "96000000",
            "ebit": "153000000",
            "ebitda": "344000000",
            "netIncome": "89000000"
        },
        {
            "fiscalDateEnding": "2021-12-31",
            "reportedCurrency": "USD",
            "grossProfit": "591000000",
            "totalRevenue": "4134000000",
            "costOfRevenue": "3543000000",
            "costofGoodsAndServicesSold": "3543000000",
            "operatingIncome": "260000000",
            "sellingGeneralAndAdministrative": "291000000",
            "researchAndDevelopment": "None",
            "operatingExpenses": "1537000000",
            "investmentIncomeNet": "0",
            "netInterestIncome": "-36000000",
            "interestIncome": "None",
            "interestExpense": "36000000",
            "nonInterestIncome": "-126000000",
            "otherNonOperatingIncome": "-5000000",
            "depreciation": "153000000",
            "depreciationAndAmortization": "190000000",
            "incomeBeforeTax": "31000000",
            "incomeTaxExpense": "0",
            "interestAndDebtExpense": "126000000",
            "netIncomeFromContinuingOperations": "31000000",
            "comprehensiveIncomeNetOfTax": "58000000",
            "ebit": "67000000",
            "ebitda": "257000000",
            "netIncome": "31000000"
        },
        {
            "fiscalDateEnding": "2021-09-30",
            "reportedCurrency": "USD",
            "grossProfit": "54000000",
            "totalRevenue": "3654000000",
            "costOfRevenue": "3600000000",
            "costofGoodsAndServicesSold": "3138000000",
            "operatingIncome": "215000000",
            "sellingGeneralAndAdministrative": "263000000",
            "researchAndDevelopment": "None",
            "operatingExpenses": "457000000",
            "investmentIncomeNet": "2000000",
            "netInterestIncome": "-36000000",
            "interestIncome": "3000000",
            "interestExpense": "36000000",
            "nonInterestIncome": "None",
            "otherNonOperatingIncome": "4000000",
            "depreciation": "156000000",
            "depreciationAndAmortization": "193000000",
            "incomeBeforeTax": "126000000",
            "incomeTaxExpense": "25000000",
            "interestAndDebtExpense": "36000000",
            "netIncomeFromContinuingOperations": "101000000",
            "comprehensiveIncomeNetOfTax": "-32000000",
            "ebit": "162000000",
            "ebitda": "355000000",
            "netIncome": "101000000"
        },
        {
            "fiscalDateEnding": "2021-06-30",
            "reportedCurrency": "USD",
            "grossProfit": "116000000",
            "totalRevenue": "3807000000",
            "costOfRevenue": "3691000000",
            "costofGoodsAndServicesSold": "3205000000",
            "operatingIncome": "285000000",
            "sellingGeneralAndAdministrative": "266000000",
            "researchAndDevelopment": "None",
            "operatingExpenses": "477000000",
            "investmentIncomeNet": "4000000",
            "netInterestIncome": "-38000000",
            "interestIncome": "None",
            "interestExpense": "38000000",
            "nonInterestIncome": "None",
            "otherNonOperatingIncome": "-1000000",
            "depreciation": "160000000",
            "depreciationAndAmortization": "197000000",
            "incomeBeforeTax": "191000000",
            "incomeTaxExpense": "28000000",
            "interestAndDebtExpense": "38000000",
            "netIncomeFromContinuingOperations": "163000000",
            "comprehensiveIncomeNetOfTax": "233000000",
            "ebit": "229000000",
            "ebitda": "426000000",
            "netIncome": "163000000"
        },
        {
            "fiscalDateEnding": "2021-03-31",
            "reportedCurrency": "USD",
            "grossProfit": "278000000",
            "totalRevenue": "4023000000",
            "costOfRevenue": "3745000000",
            "costofGoodsAndServicesSold": "3296000000",
            "operatingIncome": "429000000",
            "sellingGeneralAndAdministrative": "255000000",
            "researchAndDevelopment": "None",
            "operatingExpenses": "454000000",
            "investmentIncomeNet": "0",
            "netInterestIncome": "-40000000",
            "interestIncome": "3000000",
            "interestExpense": "40000000",
            "nonInterestIncome": "None",
            "otherNonOperatingIncome": "3000000",
            "depreciation": "156000000",
            "depreciationAndAmortization": "193000000",
            "incomeBeforeTax": "343000000",
            "incomeTaxExpense": "48000000",
            "interestAndDebtExpense": "40000000",
            "netIncomeFromContinuingOperations": "295000000",
            "comprehensiveIncomeNetOfTax": "204000000",
            "ebit": "383000000",
            "ebitda": "576000000",
            "netIncome": "295000000"
        },
        {
            "fiscalDateEnding": "2020-12-31",
            "reportedCurrency": "USD",
            "grossProfit": "779000000",
            "totalRevenue": "4212000000",
            "costOfRevenue": "3433000000",
            "costofGoodsAndServicesSold": "3433000000",
            "operatingIncome": "446000000",
            "sellingGeneralAndAdministrative": "278000000",
            "researchAndDevelopment": "None",
            "operatingExpenses": "1574000000",
            "investmentIncomeNet": "None",
            "netInterestIncome": "-39000000",
            "interestIncome": "2000000",
            "interestExpense": "39000000",
            "nonInterestIncome": "0",
            "otherNonOperatingIncome": "-2000000",
            "depreciation": "171000000",
            "depreciationAndAmortization": "208000000",
            "incomeBeforeTax": "354000000",
            "incomeTaxExpense": "55000000",
            "interestAndDebtExpense": "39000000",
            "netIncomeFromContinuingOperations": "299000000",
            "comprehensiveIncomeNetOfTax": "522000000",
            "ebit": "393000000",
            "ebitda": "601000000",
            "netIncome": "299000000"
        },
        {
            "fiscalDateEnding": "2020-09-30",
            "reportedCurrency": "USD",
            "grossProfit": "647000000",
            "totalRevenue": "3668000000",
            "costOfRevenue": "3021000000",
            "costofGoodsAndServicesSold": "3021000000",
            "operatingIncome": "364000000",
            "sellingGeneralAndAdministrative": "229000000",
            "researchAndDevelopment": "None",
            "operatingExpenses": "439000000",
            "investmentIncomeNet": "6000000",
            "netInterestIncome": "-38000000",
            "interestIncome": "2000000",
            "interestExpense": "38000000",
            "nonInterestIncome": "0",
            "otherNonOperatingIncome": "5000000",
            "depreciation": "156000000",
            "depreciationAndAmortization": "192000000",
            "incomeBeforeTax": "297000000",
            "incomeTaxExpense": "-2000000",
            "interestAndDebtExpense": "38000000",
            "netIncomeFromContinuingOperations": "299000000",
            "comprehensiveIncomeNetOfTax": "425000000",
            "ebit": "335000000",
            "ebitda": "527000000",
            "netIncome": "299000000"
        },
        {
            "fiscalDateEnding": "2020-06-30",
            "reportedCurrency": "USD",
            "grossProfit": "13000000",
            "totalRevenue": "1960000000",
            "costOfRevenue": "1947000000",
            "costofGoodsAndServicesSold": "1947000000",
            "operatingIncome": "-311000000",
            "sellingGeneralAndAdministrative": "217000000",
            "researchAndDevelopment": "None",
            "operatingExpenses": "477000000",
            "investmentIncomeNet": "None",
            "netInterestIncome": "-44000000",
            "interestIncome": "1000000",
            "interestExpense": "44000000",
            "nonInterestIncome": "0",
            "otherNonOperatingIncome": "2000000",
            "depreciation": "149000000",
            "depreciationAndAmortization": "184000000",
            "incomeBeforeTax": "-380000000",
            "incomeTaxExpense": "-14000000",
            "interestAndDebtExpense": "44000000",
            "netIncomeFromContinuingOperations": "-366000000",
            "comprehensiveIncomeNetOfTax": "-269000000",
            "ebit": "-336000000",
            "ebitda": "-152000000",
            "netIncome": "-366000000"
        },
        {
            "fiscalDateEnding": "2020-03-31",
            "reportedCurrency": "USD",
            "grossProfit": "501000000",
            "totalRevenue": "3226000000",
            "costOfRevenue": "2725000000",
            "costofGoodsAndServicesSold": "2725000000",
            "operatingIncome": "1619000000",
            "sellingGeneralAndAdministrative": "252000000",
            "researchAndDevelopment": "None",
            "operatingExpenses": "460000000",
            "investmentIncomeNet": "None",
            "netInterestIncome": "-43000000",
            "interestIncome": "3000000",
            "interestExpense": "43000000",
            "nonInterestIncome": "0",
            "otherNonOperatingIncome": "1000000",
            "depreciation": "144000000",
            "depreciationAndAmortization": "180000000",
            "incomeBeforeTax": "1582000000",
            "incomeTaxExpense": "10000000",
            "interestAndDebtExpense": "43000000",
            "netIncomeFromContinuingOperations": "1572000000",
            "comprehensiveIncomeNetOfTax": "1300000000",
            "ebit": "1625000000",
            "ebitda": "1805000000",
            "netIncome": "1572000000"
        },
        {
            "fiscalDateEnding": "2019-12-31",
            "reportedCurrency": "USD",
            "grossProfit": "687000000",
            "totalRevenue": "3596000000",
            "costOfRevenue": "2909000000",
            "costofGoodsAndServicesSold": "2909000000",
            "operatingIncome": "324000000",
            "sellingGeneralAndAdministrative": "298000000",
            "researchAndDevelopment": "None",
            "operatingExpenses": "1681000000",
            "investmentIncomeNet": "6000000",
            "netInterestIncome": "-41000000",
            "interestIncome": "2000000",
            "interestExpense": "41000000",
            "nonInterestIncome": "0",
            "otherNonOperatingIncome": "0",
            "depreciation": "143000000",
            "depreciationAndAmortization": "178000000",
            "incomeBeforeTax": "260000000",
            "incomeTaxExpense": "30000000",
            "interestAndDebtExpense": "41000000",
            "netIncomeFromContinuingOperations": "230000000",
            "comprehensiveIncomeNetOfTax": "317000000",
            "ebit": "301000000",
            "ebitda": "479000000",
            "netIncome": "230000000"
        },
        {
            "fiscalDateEnding": "2019-09-30",
            "reportedCurrency": "USD",
            "grossProfit": "677000000",
            "totalRevenue": "3559000000",
            "costOfRevenue": "2882000000",
            "costofGoodsAndServicesSold": "2882000000",
            "operatingIncome": "320000000",
            "sellingGeneralAndAdministrative": "262000000",
            "researchAndDevelopment": "None",
            "operatingExpenses": "502000000",
            "investmentIncomeNet": "None",
            "netInterestIncome": "-42000000",
            "interestIncome": "3000000",
            "interestExpense": "42000000",
            "nonInterestIncome": "0",
            "otherNonOperatingIncome": "9000000",
            "depreciation": "144000000",
            "depreciationAndAmortization": "178000000",
            "incomeBeforeTax": "284000000",
            "incomeTaxExpense": "38000000",
            "interestAndDebtExpense": "42000000",
            "netIncomeFromContinuingOperations": "246000000",
            "comprehensiveIncomeNetOfTax": "139000000",
            "ebit": "326000000",
            "ebitda": "504000000",
            "netIncome": "246000000"
        },
        {
            "fiscalDateEnding": "2019-06-30",
            "reportedCurrency": "USD",
            "grossProfit": "669000000",
            "totalRevenue": "3627000000",
            "costOfRevenue": "2958000000",
            "costofGoodsAndServicesSold": "2958000000",
            "operatingIncome": "335000000",
            "sellingGeneralAndAdministrative": "260000000",
            "researchAndDevelopment": "None",
            "operatingExpenses": "489000000",
            "investmentIncomeNet": "3000000",
            "netInterestIncome": "-43000000",
            "interestIncome": "5000000",
            "interestExpense": "43000000",
            "nonInterestIncome": "0",
            "otherNonOperatingIncome": "6000000",
            "depreciation": "145000000",
            "depreciationAndAmortization": "188000000",
            "incomeBeforeTax": "305000000",
            "incomeTaxExpense": "31000000",
            "interestAndDebtExpense": "43000000",
            "netIncomeFromContinuingOperations": "274000000",
            "comprehensiveIncomeNetOfTax": "257000000",
            "ebit": "348000000",
            "ebitda": "536000000",
            "netIncome": "274000000"
        },
        {
            "fiscalDateEnding": "2019-03-31",
            "reportedCurrency": "USD",
            "grossProfit": "613000000",
            "totalRevenue": "3575000000",
            "costOfRevenue": "2962000000",
            "costofGoodsAndServicesSold": "2962000000",
            "operatingIncome": "297000000",
            "sellingGeneralAndAdministrative": "256000000",
            "researchAndDevelopment": "None",
            "operatingExpenses": "455000000",
            "investmentIncomeNet": "None",
            "netInterestIncome": "-38000000",
            "interestIncome": "35000000",
            "interestExpense": "38000000",
            "nonInterestIncome": "-6000000",
            "otherNonOperatingIncome": "5000000",
            "depreciation": "139000000",
            "depreciationAndAmortization": "173000000",
            "incomeBeforeTax": "273000000",
            "incomeTaxExpense": "33000000",
            "interestAndDebtExpense": "44000000",
            "netIncomeFromContinuingOperations": "240000000",
            "comprehensiveIncomeNetOfTax": "261000000",
            "ebit": "311000000",
            "ebitda": "484000000",
            "netIncome": "240000000"
        },
        {
            "fiscalDateEnding": "2018-12-31",
            "reportedCurrency": "USD",
            "grossProfit": "669000000",
            "totalRevenue": "3636000000",
            "costOfRevenue": "2967000000",
            "costofGoodsAndServicesSold": "2967000000",
            "operatingIncome": "355000000",
            "sellingGeneralAndAdministrative": "242000000",
            "researchAndDevelopment": "1200000000",
            "operatingExpenses": "1701000000",
            "investmentIncomeNet": "4000000",
            "netInterestIncome": "-37000000",
            "interestIncome": "None",
            "interestExpense": "37000000",
            "nonInterestIncome": "0",
            "otherNonOperatingIncome": "6000000",
            "depreciation": "139000000",
            "depreciationAndAmortization": "202000000",
            "incomeBeforeTax": "289000000",
            "incomeTaxExpense": "42000000",
            "interestAndDebtExpense": "37000000",
            "netIncomeFromContinuingOperations": "247000000",
            "comprehensiveIncomeNetOfTax": "191000000",
            "ebit": "326000000",
            "ebitda": "528000000",
            "netIncome": "247000000"
        },
        {
            "fiscalDateEnding": "2018-09-30",
            "reportedCurrency": "USD",
            "grossProfit": "651000000",
            "totalRevenue": "3485000000",
            "costOfRevenue": "2834000000",
            "costofGoodsAndServicesSold": "2834000000",
            "operatingIncome": "323000000",
            "sellingGeneralAndAdministrative": "232000000",
            "researchAndDevelopment": "None",
            "operatingExpenses": "461000000",
            "investmentIncomeNet": "None",
            "netInterestIncome": "-34000000",
            "interestIncome": "None",
            "interestExpense": "34000000",
            "nonInterestIncome": "0",
            "otherNonOperatingIncome": "4000000",
            "depreciation": "132000000",
            "depreciationAndAmortization": "163000000",
            "incomeBeforeTax": "288000000",
            "incomeTaxExpense": "66000000",
            "interestAndDebtExpense": "34000000",
            "netIncomeFromContinuingOperations": "222000000",
            "comprehensiveIncomeNetOfTax": "206000000",
            "ebit": "322000000",
            "ebitda": "485000000",
            "netIncome": "222000000"
        },
        {
            "fiscalDateEnding": "2018-06-30",
            "reportedCurrency": "USD",
            "grossProfit": "726000000",
            "totalRevenue": "3684000000",
            "costOfRevenue": "2958000000",
            "costofGoodsAndServicesSold": "2958000000",
            "operatingIncome": "421000000",
            "sellingGeneralAndAdministrative": "260000000",
            "researchAndDevelopment": "None",
            "operatingExpenses": "448000000",
            "investmentIncomeNet": "None",
            "netInterestIncome": "-36000000",
            "interestIncome": "None",
            "interestExpense": "36000000",
            "nonInterestIncome": "0",
            "otherNonOperatingIncome": "6000000",
            "depreciation": "126000000",
            "depreciationAndAmortization": "156000000",
            "incomeBeforeTax": "374000000",
            "incomeTaxExpense": "83000000",
            "interestAndDebtExpense": "36000000",
            "netIncomeFromContinuingOperations": "291000000",
            "comprehensiveIncomeNetOfTax": "105000000",
            "ebit": "410000000",
            "ebitda": "566000000",
            "netIncome": "291000000"
        },
        {
            "fiscalDateEnding": "2018-03-31",
            "reportedCurrency": "USD",
            "grossProfit": "683000000",
            "totalRevenue": "3630000000",
            "costOfRevenue": "2947000000",
            "costofGoodsAndServicesSold": "2947000000",
            "operatingIncome": "374000000",
            "sellingGeneralAndAdministrative": "259000000",
            "researchAndDevelopment": "None",
            "operatingExpenses": "423000000",
            "investmentIncomeNet": "None",
            "netInterestIncome": "-34000000",
            "interestIncome": "None",
            "interestExpense": "34000000",
            "nonInterestIncome": "0",
            "otherNonOperatingIncome": "20000000",
            "depreciation": "125000000",
            "depreciationAndAmortization": "155000000",
            "incomeBeforeTax": "366000000",
            "incomeTaxExpense": "59000000",
            "interestAndDebtExpense": "34000000",
            "netIncomeFromContinuingOperations": "307000000",
            "comprehensiveIncomeNetOfTax": "342000000",
            "ebit": "400000000",
            "ebitda": "555000000",
            "netIncome": "307000000"
        }
    ]
}