{
    "symbol": "AVY",
    "annualReports": [
        {
            "fiscalDateEnding": "2022-12-31",
            "reportedCurrency": "USD",
            "grossProfit": "2404200000",
            "totalRevenue": "8955200000",
            "costOfRevenue": "8055400000",
            "costofGoodsAndServicesSold": "6635100000",
            "operatingIncome": "840900000",
            "sellingGeneralAndAdministrative": "1330800000",
            "researchAndDevelopment": "136100000",
            "operatingExpenses": "1563300000",
            "investmentIncomeNet": "None",
            "netInterestIncome": "-84100000",
            "interestIncome": "None",
            "interestExpense": "84100000",
            "nonInterestIncome": "9039300000",
            "otherNonOperatingIncome": "9400000",
            "depreciation": "177400000",
            "depreciationAndAmortization": "81800000",
            "incomeBeforeTax": "999300000",
            "incomeTaxExpense": "242200000",
            "interestAndDebtExpense": "84100000",
            "netIncomeFromContinuingOperations": "999300000",
            "comprehensiveIncomeNetOfTax": "676000000",
            "ebit": "1083400000",
            "ebitda": "1165200000",
            "netIncome": "757100000"
        },
        {
            "fiscalDateEnding": "2021-12-31",
            "reportedCurrency": "USD",
            "grossProfit": "2312800000",
            "totalRevenue": "8343800000",
            "costOfRevenue": "7403800000",
            "costofGoodsAndServicesSold": "6095500000",
            "operatingIncome": "872600000",
            "sellingGeneralAndAdministrative": "1248500000",
            "researchAndDevelopment": "136600000",
            "operatingExpenses": "1434500000",
            "investmentIncomeNet": "None",
            "netInterestIncome": "-70200000",
            "interestIncome": "None",
            "interestExpense": "70200000",
            "nonInterestIncome": "8414000000",
            "otherNonOperatingIncome": "4100000",
            "depreciation": "167300000",
            "depreciationAndAmortization": "44600000",
            "incomeBeforeTax": "988700000",
            "incomeTaxExpense": "248600000",
            "interestAndDebtExpense": "70200000",
            "netIncomeFromContinuingOperations": "992600000",
            "comprehensiveIncomeNetOfTax": "806800000",
            "ebit": "1058900000",
            "ebitda": "1103500000",
            "netIncome": "740100000"
        },
        {
            "fiscalDateEnding": "2020-12-31",
            "reportedCurrency": "USD",
            "grossProfit": "1923300000",
            "totalRevenue": "6901500000",
            "costOfRevenue": "6129100000",
            "costofGoodsAndServicesSold": "5048200000",
            "operatingIncome": "665600000",
            "sellingGeneralAndAdministrative": "1060500000",
            "researchAndDevelopment": "112800000",
            "operatingExpenses": "1257700000",
            "investmentIncomeNet": "None",
            "netInterestIncome": "-70000000",
            "interestIncome": "None",
            "interestExpense": "70000000",
            "nonInterestIncome": "6971500000",
            "otherNonOperatingIncome": "-1900000",
            "depreciation": "154200000",
            "depreciationAndAmortization": "19900000",
            "incomeBeforeTax": "733600000",
            "incomeTaxExpense": "177700000",
            "interestAndDebtExpense": "70000000",
            "netIncomeFromContinuingOperations": "737300000",
            "comprehensiveIncomeNetOfTax": "554400000",
            "ebit": "803600000",
            "ebitda": "823500000",
            "netIncome": "555900000"
        },
        {
            "fiscalDateEnding": "2019-12-31",
            "reportedCurrency": "USD",
            "grossProfit": "1904100000",
            "totalRevenue": "6984600000",
            "costOfRevenue": "6704000000",
            "costofGoodsAndServicesSold": "5166000000",
            "operatingIncome": "218200000",
            "sellingGeneralAndAdministrative": "1080400000",
            "researchAndDevelopment": "92600000",
            "operatingExpenses": "1685900000",
            "investmentIncomeNet": "None",
            "netInterestIncome": "-75800000",
            "interestIncome": "None",
            "interestExpense": "75800000",
            "nonInterestIncome": "7060400000",
            "otherNonOperatingIncome": "-445200000",
            "depreciation": "140300000",
            "depreciationAndAmortization": "13500000",
            "incomeBeforeTax": "246900000",
            "incomeTaxExpense": "-56700000",
            "interestAndDebtExpense": "75800000",
            "netIncomeFromContinuingOperations": "303600000",
            "comprehensiveIncomeNetOfTax": "637500000",
            "ebit": "322700000",
            "ebitda": "336200000",
            "netIncome": "303600000"
        },
        {
            "fiscalDateEnding": "2018-12-31",
            "reportedCurrency": "USD",
            "grossProfit": "1915500000",
            "totalRevenue": "7087100000",
            "costOfRevenue": "6479900000",
            "costofGoodsAndServicesSold": "5243500000",
            "operatingIncome": "535300000",
            "sellingGeneralAndAdministrative": "1127500000",
            "researchAndDevelopment": "98200000",
            "operatingExpenses": "1380200000",
            "investmentIncomeNet": "None",
            "netInterestIncome": "-58500000",
            "interestIncome": "None",
            "interestExpense": "58500000",
            "nonInterestIncome": "7145600000",
            "otherNonOperatingIncome": "-104800000",
            "depreciation": "141500000",
            "depreciationAndAmortization": "15200000",
            "incomeBeforeTax": "552800000",
            "incomeTaxExpense": "85400000",
            "interestAndDebtExpense": "58500000",
            "netIncomeFromContinuingOperations": "467400000",
            "comprehensiveIncomeNetOfTax": "465900000",
            "ebit": "611300000",
            "ebitda": "626500000",
            "netIncome": "467400000"
        }
    ],
    "quarterlyReports": [
        {
            "fiscalDateEnding": "2022-12-31",
            "reportedCurrency": "USD",
            "grossProfit": "500200000",
            "totalRevenue": "2025900000",
            "costOfRevenue": "1525700000",
            "costofGoodsAndServicesSold": "1525700000",
            "operatingIncome": "187900000",
            "sellingGeneralAndAdministrative": "312300000",
            "researchAndDevelopment": "None",
            "operatingExpenses": "312300000",
            "investmentIncomeNet": "None",
            "netInterestIncome": "-22500000",
            "interestIncome": "None",
            "interestExpense": "22500000",
            "nonInterestIncome": "None",
            "otherNonOperatingIncome": "5300000",
            "depreciation": "45200000",
            "depreciationAndAmortization": "73500000",
            "incomeBeforeTax": "169200000",
            "incomeTaxExpense": "46300000",
            "interestAndDebtExpense": "None",
            "netIncomeFromContinuingOperations": "122900000",
            "comprehensiveIncomeNetOfTax": "126900000",
            "ebit": "191700000",
            "ebitda": "265200000",
            "netIncome": "122900000"
        },
        {
            "fiscalDateEnding": "2022-09-30",
            "reportedCurrency": "USD",
            "grossProfit": "619200000",
            "totalRevenue": "2317100000",
            "costOfRevenue": "1697900000",
            "costofGoodsAndServicesSold": "1697900000",
            "operatingIncome": "288400000",
            "sellingGeneralAndAdministrative": "330800000",
            "researchAndDevelopment": "None",
            "operatingExpenses": "330800000",
            "investmentIncomeNet": "None",
            "netInterestIncome": "-21200000",
            "interestIncome": "None",
            "interestExpense": "21200000",
            "nonInterestIncome": "None",
            "otherNonOperatingIncome": "1400000",
            "depreciation": "44000000",
            "depreciationAndAmortization": "72000000",
            "incomeBeforeTax": "272500000",
            "incomeTaxExpense": "51000000",
            "interestAndDebtExpense": "None",
            "netIncomeFromContinuingOperations": "221500000",
            "comprehensiveIncomeNetOfTax": "164600000",
            "ebit": "293700000",
            "ebitda": "365700000",
            "netIncome": "221500000"
        },
        {
            "fiscalDateEnding": "2022-06-30",
            "reportedCurrency": "USD",
            "grossProfit": "643500000",
            "totalRevenue": "2347000000",
            "costOfRevenue": "1703500000",
            "costofGoodsAndServicesSold": "1703500000",
            "operatingIncome": "310800000",
            "sellingGeneralAndAdministrative": "332700000",
            "researchAndDevelopment": "None",
            "operatingExpenses": "332700000",
            "investmentIncomeNet": "None",
            "netInterestIncome": "-20800000",
            "interestIncome": "None",
            "interestExpense": "20800000",
            "nonInterestIncome": "None",
            "otherNonOperatingIncome": "1300000",
            "depreciation": "44400000",
            "depreciationAndAmortization": "73200000",
            "incomeBeforeTax": "287900000",
            "incomeTaxExpense": "73400000",
            "interestAndDebtExpense": "None",
            "netIncomeFromContinuingOperations": "214500000",
            "comprehensiveIncomeNetOfTax": "163400000",
            "ebit": "308700000",
            "ebitda": "381900000",
            "netIncome": "214500000"
        },
        {
            "fiscalDateEnding": "2022-03-31",
            "reportedCurrency": "USD",
            "grossProfit": "641300000",
            "totalRevenue": "2349300000",
            "costOfRevenue": "1708000000",
            "costofGoodsAndServicesSold": "1708000000",
            "operatingIncome": "286300000",
            "sellingGeneralAndAdministrative": "355000000",
            "researchAndDevelopment": "None",
            "operatingExpenses": "355000000",
            "investmentIncomeNet": "None",
            "netInterestIncome": "-19600000",
            "interestIncome": "None",
            "interestExpense": "19600000",
            "nonInterestIncome": "None",
            "otherNonOperatingIncome": "1400000",
            "depreciation": "43800000",
            "depreciationAndAmortization": "72000000",
            "incomeBeforeTax": "269700000",
            "incomeTaxExpense": "71500000",
            "interestAndDebtExpense": "None",
            "netIncomeFromContinuingOperations": "198200000",
            "comprehensiveIncomeNetOfTax": "221100000",
            "ebit": "289300000",
            "ebitda": "361300000",
            "netIncome": "198200000"
        },
        {
            "fiscalDateEnding": "2021-12-31",
            "reportedCurrency": "USD",
            "grossProfit": "585100000",
            "totalRevenue": "2163200000",
            "costOfRevenue": "1964600000",
            "costofGoodsAndServicesSold": "1598100000",
            "operatingIncome": "82100000",
            "sellingGeneralAndAdministrative": "332300000",
            "researchAndDevelopment": "None",
            "operatingExpenses": "497300000",
            "investmentIncomeNet": "None",
            "netInterestIncome": "-20000000",
            "interestIncome": "None",
            "interestExpense": "20000000",
            "nonInterestIncome": "2183200000",
            "otherNonOperatingIncome": "500000",
            "depreciation": "44400000",
            "depreciationAndAmortization": "20000000",
            "incomeBeforeTax": "243600000",
            "incomeTaxExpense": "60900000",
            "interestAndDebtExpense": "20000000",
            "netIncomeFromContinuingOperations": "431700000",
            "comprehensiveIncomeNetOfTax": "222800000",
            "ebit": "263600000",
            "ebitda": "283600000",
            "netIncome": "182700000"
        },
        {
            "fiscalDateEnding": "2021-09-30",
            "reportedCurrency": "USD",
            "grossProfit": "554400000",
            "totalRevenue": "2054700000",
            "costOfRevenue": "1826000000",
            "costofGoodsAndServicesSold": "1517400000",
            "operatingIncome": "245800000",
            "sellingGeneralAndAdministrative": "296900000",
            "researchAndDevelopment": "None",
            "operatingExpenses": "308600000",
            "investmentIncomeNet": "None",
            "netInterestIncome": "-18000000",
            "interestIncome": "None",
            "interestExpense": "18000000",
            "nonInterestIncome": "2072700000",
            "otherNonOperatingIncome": "900000",
            "depreciation": "42100000",
            "depreciationAndAmortization": "11700000",
            "incomeBeforeTax": "223300000",
            "incomeTaxExpense": "59200000",
            "interestAndDebtExpense": "18000000",
            "netIncomeFromContinuingOperations": "165200000",
            "comprehensiveIncomeNetOfTax": "168700000",
            "ebit": "241300000",
            "ebitda": "253000000",
            "netIncome": "164100000"
        },
        {
            "fiscalDateEnding": "2021-06-30",
            "reportedCurrency": "USD",
            "grossProfit": "576300000",
            "totalRevenue": "2086000000",
            "costOfRevenue": "1839200000",
            "costofGoodsAndServicesSold": "1525700000",
            "operatingIncome": "262600000",
            "sellingGeneralAndAdministrative": "307000000",
            "researchAndDevelopment": "None",
            "operatingExpenses": "313700000",
            "investmentIncomeNet": "None",
            "netInterestIncome": "-16000000",
            "interestIncome": "None",
            "interestExpense": "16000000",
            "nonInterestIncome": "2102000000",
            "otherNonOperatingIncome": "1400000",
            "depreciation": "40800000",
            "depreciationAndAmortization": "6500000",
            "incomeBeforeTax": "254200000",
            "incomeTaxExpense": "70400000",
            "interestAndDebtExpense": "16000000",
            "netIncomeFromContinuingOperations": "184900000",
            "comprehensiveIncomeNetOfTax": "202300000",
            "ebit": "270200000",
            "ebitda": "276700000",
            "netIncome": "183800000"
        },
        {
            "fiscalDateEnding": "2021-03-31",
            "reportedCurrency": "USD",
            "grossProfit": "597000000",
            "totalRevenue": "2039900000",
            "costOfRevenue": "1773400000",
            "costofGoodsAndServicesSold": "1454300000",
            "operatingIncome": "279800000",
            "sellingGeneralAndAdministrative": "312300000",
            "researchAndDevelopment": "None",
            "operatingExpenses": "312400000",
            "investmentIncomeNet": "None",
            "netInterestIncome": "-16200000",
            "interestIncome": "None",
            "interestExpense": "16200000",
            "nonInterestIncome": "2056100000",
            "otherNonOperatingIncome": "1300000",
            "depreciation": "40000000",
            "depreciationAndAmortization": "6400000",
            "incomeBeforeTax": "267600000",
            "incomeTaxExpense": "58100000",
            "interestAndDebtExpense": "16200000",
            "netIncomeFromContinuingOperations": "209500000",
            "comprehensiveIncomeNetOfTax": "213000000",
            "ebit": "283800000",
            "ebitda": "290200000",
            "netIncome": "209500000"
        },
        {
            "fiscalDateEnding": "2020-12-31",
            "reportedCurrency": "USD",
            "grossProfit": "571100000",
            "totalRevenue": "1995300000",
            "costOfRevenue": "1722000000",
            "costofGoodsAndServicesSold": "1419800000",
            "operatingIncome": "122500000",
            "sellingGeneralAndAdministrative": "301800000",
            "researchAndDevelopment": "None",
            "operatingExpenses": "448600000",
            "investmentIncomeNet": "None",
            "netInterestIncome": "-15600000",
            "interestIncome": "None",
            "interestExpense": "15600000",
            "nonInterestIncome": "1990900000",
            "otherNonOperatingIncome": "-2100000",
            "depreciation": "40500000",
            "depreciationAndAmortization": "55500000",
            "incomeBeforeTax": "254400000",
            "incomeTaxExpense": "62900000",
            "interestAndDebtExpense": "15600000",
            "netIncomeFromContinuingOperations": "372900000",
            "comprehensiveIncomeNetOfTax": "235800000",
            "ebit": "270000000",
            "ebitda": "325500000",
            "netIncome": "191500000"
        },
        {
            "fiscalDateEnding": "2020-09-30",
            "reportedCurrency": "USD",
            "grossProfit": "484200000",
            "totalRevenue": "1713500000",
            "costOfRevenue": "1503200000",
            "costofGoodsAndServicesSold": "1244900000",
            "operatingIncome": "225900000",
            "sellingGeneralAndAdministrative": "258300000",
            "researchAndDevelopment": "None",
            "operatingExpenses": "258300000",
            "investmentIncomeNet": "None",
            "netInterestIncome": "-15600000",
            "interestIncome": "None",
            "interestExpense": "15600000",
            "nonInterestIncome": "1729100000",
            "otherNonOperatingIncome": "-100000",
            "depreciation": "39100000",
            "depreciationAndAmortization": "52000000",
            "incomeBeforeTax": "196800000",
            "incomeTaxExpense": "46300000",
            "interestAndDebtExpense": "15600000",
            "netIncomeFromContinuingOperations": "150500000",
            "comprehensiveIncomeNetOfTax": "159800000",
            "ebit": "212400000",
            "ebitda": "264400000",
            "netIncome": "150500000"
        },
        {
            "fiscalDateEnding": "2020-06-30",
            "reportedCurrency": "USD",
            "grossProfit": "382900000",
            "totalRevenue": "1508500000",
            "costOfRevenue": "1365000000",
            "costofGoodsAndServicesSold": "1145600000",
            "operatingIncome": "163500000",
            "sellingGeneralAndAdministrative": "219400000",
            "researchAndDevelopment": "None",
            "operatingExpenses": "219400000",
            "investmentIncomeNet": "None",
            "netInterestIncome": "-20000000",
            "interestIncome": "None",
            "interestExpense": "20000000",
            "nonInterestIncome": "1528500000",
            "otherNonOperatingIncome": "-200000",
            "depreciation": "37800000",
            "depreciationAndAmortization": "50300000",
            "incomeBeforeTax": "101900000",
            "incomeTaxExpense": "22200000",
            "interestAndDebtExpense": "20000000",
            "netIncomeFromContinuingOperations": "79700000",
            "comprehensiveIncomeNetOfTax": "88500000",
            "ebit": "121900000",
            "ebitda": "172200000",
            "netIncome": "79700000"
        },
        {
            "fiscalDateEnding": "2020-03-31",
            "reportedCurrency": "USD",
            "grossProfit": "485100000",
            "totalRevenue": "1683900000",
            "costOfRevenue": "1539200000",
            "costofGoodsAndServicesSold": "1237900000",
            "operatingIncome": "172900000",
            "sellingGeneralAndAdministrative": "281000000",
            "researchAndDevelopment": "None",
            "operatingExpenses": "312200000",
            "investmentIncomeNet": "None",
            "netInterestIncome": "-18800000",
            "interestIncome": "None",
            "interestExpense": "18800000",
            "nonInterestIncome": "1723000000",
            "otherNonOperatingIncome": "500000",
            "depreciation": "36800000",
            "depreciationAndAmortization": "47500000",
            "incomeBeforeTax": "180500000",
            "incomeTaxExpense": "46300000",
            "interestAndDebtExpense": "18800000",
            "netIncomeFromContinuingOperations": "134200000",
            "comprehensiveIncomeNetOfTax": "70300000",
            "ebit": "199300000",
            "ebitda": "246800000",
            "netIncome": "134200000"
        },
        {
            "fiscalDateEnding": "2019-12-31",
            "reportedCurrency": "USD",
            "grossProfit": "484700000",
            "totalRevenue": "1772900000",
            "costOfRevenue": "1572000000",
            "costofGoodsAndServicesSold": "1288200000",
            "operatingIncome": "484700000",
            "sellingGeneralAndAdministrative": "273100000",
            "researchAndDevelopment": "21400000",
            "operatingExpenses": "392700000",
            "investmentIncomeNet": "None",
            "netInterestIncome": "-17800000",
            "interestIncome": "None",
            "interestExpense": "17800000",
            "nonInterestIncome": "1772900000",
            "otherNonOperatingIncome": "3000000",
            "depreciation": "35000000",
            "depreciationAndAmortization": "45600000",
            "incomeBeforeTax": "164700000",
            "incomeTaxExpense": "2200000",
            "interestAndDebtExpense": "17800000",
            "netIncomeFromContinuingOperations": "484700000",
            "comprehensiveIncomeNetOfTax": "213700000",
            "ebit": "182500000",
            "ebitda": "228100000",
            "netIncome": "162500000"
        },
        {
            "fiscalDateEnding": "2019-09-30",
            "reportedCurrency": "USD",
            "grossProfit": "471700000",
            "totalRevenue": "1742400000",
            "costOfRevenue": "1555000000",
            "costofGoodsAndServicesSold": "1289700000",
            "operatingIncome": "209800000",
            "sellingGeneralAndAdministrative": "265300000",
            "researchAndDevelopment": "21700000",
            "operatingExpenses": "261900000",
            "investmentIncomeNet": "None",
            "netInterestIncome": "-19000000",
            "interestIncome": "None",
            "interestExpense": "19000000",
            "nonInterestIncome": "1761400000",
            "otherNonOperatingIncome": "-800000",
            "depreciation": "34900000",
            "depreciationAndAmortization": "44000000",
            "incomeBeforeTax": "179200000",
            "incomeTaxExpense": "34600000",
            "interestAndDebtExpense": "19000000",
            "netIncomeFromContinuingOperations": "144600000",
            "comprehensiveIncomeNetOfTax": "115100000",
            "ebit": "198200000",
            "ebitda": "242200000",
            "netIncome": "144600000"
        },
        {
            "fiscalDateEnding": "2019-06-30",
            "reportedCurrency": "USD",
            "grossProfit": "482300000",
            "totalRevenue": "1776200000",
            "costOfRevenue": "1579100000",
            "costofGoodsAndServicesSold": "1313400000",
            "operatingIncome": "216600000",
            "sellingGeneralAndAdministrative": "265700000",
            "researchAndDevelopment": "24800000",
            "operatingExpenses": "265700000",
            "investmentIncomeNet": "None",
            "netInterestIncome": "-19500000",
            "interestIncome": "None",
            "interestExpense": "19500000",
            "nonInterestIncome": "1795700000",
            "otherNonOperatingIncome": "-900000",
            "depreciation": "35500000",
            "depreciationAndAmortization": "44900000",
            "incomeBeforeTax": "188300000",
            "incomeTaxExpense": "44900000",
            "interestAndDebtExpense": "19500000",
            "netIncomeFromContinuingOperations": "143400000",
            "comprehensiveIncomeNetOfTax": "133000000",
            "ebit": "207800000",
            "ebitda": "252700000",
            "netIncome": "143400000"
        },
        {
            "fiscalDateEnding": "2019-03-31",
            "reportedCurrency": "USD",
            "grossProfit": "465400000",
            "totalRevenue": "1720600000",
            "costOfRevenue": "1997900000",
            "costofGoodsAndServicesSold": "1274700000",
            "operatingIncome": "-272600000",
            "sellingGeneralAndAdministrative": "276300000",
            "researchAndDevelopment": "24700000",
            "operatingExpenses": "738000000",
            "investmentIncomeNet": "None",
            "netInterestIncome": "-19500000",
            "interestIncome": "None",
            "interestExpense": "19500000",
            "nonInterestIncome": "1740100000",
            "otherNonOperatingIncome": "-446500000",
            "depreciation": "34900000",
            "depreciationAndAmortization": "44500000",
            "incomeBeforeTax": "-285300000",
            "incomeTaxExpense": "-138400000",
            "interestAndDebtExpense": "19500000",
            "netIncomeFromContinuingOperations": "-146900000",
            "comprehensiveIncomeNetOfTax": "175700000",
            "ebit": "-265800000",
            "ebitda": "-221300000",
            "netIncome": "-146900000"
        },
        {
            "fiscalDateEnding": "2018-12-31",
            "reportedCurrency": "USD",
            "grossProfit": "471500000",
            "totalRevenue": "1768700000",
            "costOfRevenue": "2533600000",
            "costofGoodsAndServicesSold": "1297200000",
            "operatingIncome": "471500000",
            "sellingGeneralAndAdministrative": "274500000",
            "researchAndDevelopment": "23700000",
            "operatingExpenses": "485500000",
            "investmentIncomeNet": "None",
            "netInterestIncome": "-16300000",
            "interestIncome": "None",
            "interestExpense": "16300000",
            "nonInterestIncome": "1768700000",
            "otherNonOperatingIncome": "-89900000",
            "depreciation": "35300000",
            "depreciationAndAmortization": "45000000",
            "incomeBeforeTax": "87600000",
            "incomeTaxExpense": "-9500000",
            "interestAndDebtExpense": "16300000",
            "netIncomeFromContinuingOperations": "471500000",
            "comprehensiveIncomeNetOfTax": "155500000",
            "ebit": "103900000",
            "ebitda": "148900000",
            "netIncome": "97100000"
        },
        {
            "fiscalDateEnding": "2018-09-30",
            "reportedCurrency": "USD",
            "grossProfit": "459200000",
            "totalRevenue": "1759700000",
            "costOfRevenue": "1300500000",
            "costofGoodsAndServicesSold": "1300500000",
            "operatingIncome": "188700000",
            "sellingGeneralAndAdministrative": "270500000",
            "researchAndDevelopment": "24500000",
            "operatingExpenses": "270500000",
            "investmentIncomeNet": "None",
            "netInterestIncome": "-14700000",
            "interestIncome": "None",
            "interestExpense": "14700000",
            "nonInterestIncome": "1759700000",
            "otherNonOperatingIncome": "-9000000",
            "depreciation": "37100000",
            "depreciationAndAmortization": "46700000",
            "incomeBeforeTax": "167200000",
            "incomeTaxExpense": "17700000",
            "interestAndDebtExpense": "14700000",
            "netIncomeFromContinuingOperations": "150300000",
            "comprehensiveIncomeNetOfTax": "128800000",
            "ebit": "181900000",
            "ebitda": "228600000",
            "netIncome": "149500000"
        },
        {
            "fiscalDateEnding": "2018-06-30",
            "reportedCurrency": "USD",
            "grossProfit": "501400000",
            "totalRevenue": "1854200000",
            "costOfRevenue": "1352800000",
            "costofGoodsAndServicesSold": "1352800000",
            "operatingIncome": "213900000",
            "sellingGeneralAndAdministrative": "287500000",
            "researchAndDevelopment": "25200000",
            "operatingExpenses": "287500000",
            "investmentIncomeNet": "None",
            "netInterestIncome": "-14300000",
            "interestIncome": "None",
            "interestExpense": "14300000",
            "nonInterestIncome": "1854200000",
            "otherNonOperatingIncome": "-2600000",
            "depreciation": "34800000",
            "depreciationAndAmortization": "44800000",
            "incomeBeforeTax": "139500000",
            "incomeTaxExpense": "43900000",
            "interestAndDebtExpense": "14300000",
            "netIncomeFromContinuingOperations": "96000000",
            "comprehensiveIncomeNetOfTax": "15500000",
            "ebit": "153800000",
            "ebitda": "198600000",
            "netIncome": "95600000"
        },
        {
            "fiscalDateEnding": "2018-03-31",
            "reportedCurrency": "USD",
            "grossProfit": "483400000",
            "totalRevenue": "1776400000",
            "costOfRevenue": "1293000000",
            "costofGoodsAndServicesSold": "1293000000",
            "operatingIncome": "175000000",
            "sellingGeneralAndAdministrative": "295000000",
            "researchAndDevelopment": "24800000",
            "operatingExpenses": "308400000",
            "investmentIncomeNet": "None",
            "netInterestIncome": "-13200000",
            "interestIncome": "None",
            "interestExpense": "13200000",
            "nonInterestIncome": "1776400000",
            "otherNonOperatingIncome": "-3300000",
            "depreciation": "34300000",
            "depreciationAndAmortization": "44500000",
            "incomeBeforeTax": "158500000",
            "incomeTaxExpense": "33300000",
            "interestAndDebtExpense": "13200000",
            "netIncomeFromContinuingOperations": "125800000",
            "comprehensiveIncomeNetOfTax": "166100000",
            "ebit": "171700000",
            "ebitda": "216200000",
            "netIncome": "125200000"
        }
    ]
}