{
    "symbol": "BDX",
    "annualReports": [
        {
            "fiscalDateEnding": "2022-09-30",
            "reportedCurrency": "USD",
            "grossProfit": "2215000000",
            "totalRevenue": "18870000000",
            "costOfRevenue": "16655000000",
            "costofGoodsAndServicesSold": "10393000000",
            "operatingIncome": "2282000000",
            "sellingGeneralAndAdministrative": "4709000000",
            "researchAndDevelopment": "1256000000",
            "operatingExpenses": "7518000000",
            "investmentIncomeNet": "16000000",
            "netInterestIncome": "-398000000",
            "interestIncome": "16000000",
            "interestExpense": "398000000",
            "nonInterestIncome": "-28000000",
            "otherNonOperatingIncome": "-117000000",
            "depreciation": "672000000",
            "depreciationAndAmortization": "1430000000",
            "incomeBeforeTax": "1927000000",
            "incomeTaxExpense": "148000000",
            "interestAndDebtExpense": "398000000",
            "netIncomeFromContinuingOperations": "1635000000",
            "comprehensiveIncomeNetOfTax": "2379000000",
            "ebit": "2325000000",
            "ebitda": "3755000000",
            "netIncome": "1779000000"
        },
        {
            "fiscalDateEnding": "2021-09-30",
            "reportedCurrency": "USD",
            "grossProfit": "3157000000",
            "totalRevenue": "19131000000",
            "costOfRevenue": "17091000000",
            "costofGoodsAndServicesSold": "10500000000",
            "operatingIncome": "2250000000",
            "sellingGeneralAndAdministrative": "4719000000",
            "researchAndDevelopment": "1279000000",
            "operatingExpenses": "7609000000",
            "investmentIncomeNet": "9000000",
            "netInterestIncome": "-469000000",
            "interestIncome": "460000000",
            "interestExpense": "469000000",
            "nonInterestIncome": "-13000000",
            "otherNonOperatingIncome": "-99000000",
            "depreciation": "689000000",
            "depreciationAndAmortization": "1403000000",
            "incomeBeforeTax": "2180000000",
            "incomeTaxExpense": "88000000",
            "interestAndDebtExpense": "469000000",
            "netIncomeFromContinuingOperations": "1604000000",
            "comprehensiveIncomeNetOfTax": "2552000000",
            "ebit": "2649000000",
            "ebitda": "4052000000",
            "netIncome": "2092000000"
        },
        {
            "fiscalDateEnding": "2020-09-30",
            "reportedCurrency": "USD",
            "grossProfit": "7577000000",
            "totalRevenue": "16074000000",
            "costOfRevenue": "8497000000",
            "costofGoodsAndServicesSold": "9276000000",
            "operatingIncome": "912000000",
            "sellingGeneralAndAdministrative": "4185000000",
            "researchAndDevelopment": "1039000000",
            "operatingExpenses": "7049000000",
            "investmentIncomeNet": "7000000",
            "netInterestIncome": "-528000000",
            "interestIncome": "501000000",
            "interestExpense": "528000000",
            "nonInterestIncome": "-17000000",
            "otherNonOperatingIncome": "23000000",
            "depreciation": "608000000",
            "depreciationAndAmortization": "1384000000",
            "incomeBeforeTax": "936000000",
            "incomeTaxExpense": "62000000",
            "interestAndDebtExpense": "528000000",
            "netIncomeFromContinuingOperations": "352000000",
            "comprehensiveIncomeNetOfTax": "609000000",
            "ebit": "1464000000",
            "ebitda": "2848000000",
            "netIncome": "874000000"
        },
        {
            "fiscalDateEnding": "2019-09-30",
            "reportedCurrency": "USD",
            "grossProfit": "8288000000",
            "totalRevenue": "17290000000",
            "costOfRevenue": "9002000000",
            "costofGoodsAndServicesSold": "9002000000",
            "operatingIncome": "1760000000",
            "sellingGeneralAndAdministrative": "4332000000",
            "researchAndDevelopment": "1062000000",
            "operatingExpenses": "6595000000",
            "investmentIncomeNet": "12000000",
            "netInterestIncome": "-639000000",
            "interestIncome": "626000000",
            "interestExpense": "639000000",
            "nonInterestIncome": "313000000",
            "otherNonOperatingIncome": "43000000",
            "depreciation": "633000000",
            "depreciationAndAmortization": "1497000000",
            "incomeBeforeTax": "1176000000",
            "incomeTaxExpense": "-57000000",
            "interestAndDebtExpense": "639000000",
            "netIncomeFromContinuingOperations": "1251000000",
            "comprehensiveIncomeNetOfTax": "859000000",
            "ebit": "1815000000",
            "ebitda": "3312000000",
            "netIncome": "1233000000"
        },
        {
            "fiscalDateEnding": "2018-09-30",
            "reportedCurrency": "USD",
            "grossProfit": "7269000000",
            "totalRevenue": "15983000000",
            "costOfRevenue": "8714000000",
            "costofGoodsAndServicesSold": "8714000000",
            "operatingIncome": "1509000000",
            "sellingGeneralAndAdministrative": "4016000000",
            "researchAndDevelopment": "1004000000",
            "operatingExpenses": "6276000000",
            "investmentIncomeNet": "65000000",
            "netInterestIncome": "-706000000",
            "interestIncome": "65000000",
            "interestExpense": "706000000",
            "nonInterestIncome": "-14000000",
            "otherNonOperatingIncome": "305000000",
            "depreciation": "600000000",
            "depreciationAndAmortization": "1255000000",
            "incomeBeforeTax": "1173000000",
            "incomeTaxExpense": "862000000",
            "interestAndDebtExpense": "706000000",
            "netIncomeFromContinuingOperations": "319000000",
            "comprehensiveIncomeNetOfTax": "125000000",
            "ebit": "1879000000",
            "ebitda": "3134000000",
            "netIncome": "311000000"
        }
    ],
    "quarterlyReports": [
        {
            "fiscalDateEnding": "2022-12-31",
            "reportedCurrency": "USD",
            "grossProfit": "555000000",
            "totalRevenue": "4586000000",
            "costOfRevenue": "4031000000",
            "costofGoodsAndServicesSold": "2453000000",
            "operatingIncome": "585000000",
            "sellingGeneralAndAdministrative": "1187000000",
            "researchAndDevelopment": "313000000",
            "operatingExpenses": "1891000000",
            "investmentIncomeNet": "6000000",
            "netInterestIncome": "-102000000",
            "interestIncome": "96000000",
            "interestExpense": "102000000",
            "nonInterestIncome": "None",
            "otherNonOperatingIncome": "-8000000",
            "depreciation": "None",
            "depreciationAndAmortization": "365000000",
            "incomeBeforeTax": "481000000",
            "incomeTaxExpense": "-28000000",
            "interestAndDebtExpense": "102000000",
            "netIncomeFromContinuingOperations": "509000000",
            "comprehensiveIncomeNetOfTax": "437000000",
            "ebit": "583000000",
            "ebitda": "948000000",
            "netIncome": "509000000"
        },
        {
            "fiscalDateEnding": "2022-09-30",
            "reportedCurrency": "USD",
            "grossProfit": "478000000",
            "totalRevenue": "4761000000",
            "costOfRevenue": "4283000000",
            "costofGoodsAndServicesSold": "2684000000",
            "operatingIncome": "489000000",
            "sellingGeneralAndAdministrative": "1182000000",
            "researchAndDevelopment": "300000000",
            "operatingExpenses": "1899000000",
            "investmentIncomeNet": "7000000",
            "netInterestIncome": "-104000000",
            "interestIncome": "7000000",
            "interestExpense": "104000000",
            "nonInterestIncome": "None",
            "otherNonOperatingIncome": "-72000000",
            "depreciation": "None",
            "depreciationAndAmortization": "366000000",
            "incomeBeforeTax": "321000000",
            "incomeTaxExpense": "33000000",
            "interestAndDebtExpense": "104000000",
            "netIncomeFromContinuingOperations": "287000000",
            "comprehensiveIncomeNetOfTax": "460000000",
            "ebit": "425000000",
            "ebitda": "791000000",
            "netIncome": "288000000"
        },
        {
            "fiscalDateEnding": "2022-06-30",
            "reportedCurrency": "USD",
            "grossProfit": "561000000",
            "totalRevenue": "4641000000",
            "costOfRevenue": "4080000000",
            "costofGoodsAndServicesSold": "2574000000",
            "operatingIncome": "537000000",
            "sellingGeneralAndAdministrative": "1149000000",
            "researchAndDevelopment": "315000000",
            "operatingExpenses": "1821000000",
            "investmentIncomeNet": "5000000",
            "netInterestIncome": "-99000000",
            "interestIncome": "5000000",
            "interestExpense": "99000000",
            "nonInterestIncome": "None",
            "otherNonOperatingIncome": "-21000000",
            "depreciation": "None",
            "depreciationAndAmortization": "357000000",
            "incomeBeforeTax": "391000000",
            "incomeTaxExpense": "31000000",
            "interestAndDebtExpense": "99000000",
            "netIncomeFromContinuingOperations": "390000000",
            "comprehensiveIncomeNetOfTax": "610000000",
            "ebit": "490000000",
            "ebitda": "847000000",
            "netIncome": "360000000"
        },
        {
            "fiscalDateEnding": "2022-03-31",
            "reportedCurrency": "USD",
            "grossProfit": "721000000",
            "totalRevenue": "5011000000",
            "costOfRevenue": "4290000000",
            "costofGoodsAndServicesSold": "2706000000",
            "operatingIncome": "652000000",
            "sellingGeneralAndAdministrative": "1232000000",
            "researchAndDevelopment": "343000000",
            "operatingExpenses": "1927000000",
            "investmentIncomeNet": "2000000",
            "netInterestIncome": "-101000000",
            "interestIncome": "2000000",
            "interestExpense": "101000000",
            "nonInterestIncome": "None",
            "otherNonOperatingIncome": "-27000000",
            "depreciation": "None",
            "depreciationAndAmortization": "352000000",
            "incomeBeforeTax": "525000000",
            "incomeTaxExpense": "71000000",
            "interestAndDebtExpense": "101000000",
            "netIncomeFromContinuingOperations": "454000000",
            "comprehensiveIncomeNetOfTax": "586000000",
            "ebit": "626000000",
            "ebitda": "978000000",
            "netIncome": "454000000"
        },
        {
            "fiscalDateEnding": "2021-12-31",
            "reportedCurrency": "USD",
            "grossProfit": "828000000",
            "totalRevenue": "4718000000",
            "costOfRevenue": "4167000000",
            "costofGoodsAndServicesSold": "2498000000",
            "operatingIncome": "692000000",
            "sellingGeneralAndAdministrative": "1185000000",
            "researchAndDevelopment": "314000000",
            "operatingExpenses": "1924000000",
            "investmentIncomeNet": "2000000",
            "netInterestIncome": "-98000000",
            "interestIncome": "79000000",
            "interestExpense": "98000000",
            "nonInterestIncome": "None",
            "otherNonOperatingIncome": "4000000",
            "depreciation": "None",
            "depreciationAndAmortization": "355000000",
            "incomeBeforeTax": "709000000",
            "incomeTaxExpense": "32000000",
            "interestAndDebtExpense": "98000000",
            "netIncomeFromContinuingOperations": "568000000",
            "comprehensiveIncomeNetOfTax": "722000000",
            "ebit": "807000000",
            "ebitda": "1162000000",
            "netIncome": "677000000"
        },
        {
            "fiscalDateEnding": "2021-09-30",
            "reportedCurrency": "USD",
            "grossProfit": "601000000",
            "totalRevenue": "4849000000",
            "costOfRevenue": "4534000000",
            "costofGoodsAndServicesSold": "2762000000",
            "operatingIncome": "380000000",
            "sellingGeneralAndAdministrative": "1285000000",
            "researchAndDevelopment": "368000000",
            "operatingExpenses": "2073000000",
            "investmentIncomeNet": "2000000",
            "netInterestIncome": "-111000000",
            "interestIncome": "109000000",
            "interestExpense": "111000000",
            "nonInterestIncome": "None",
            "otherNonOperatingIncome": "-121000000",
            "depreciation": "None",
            "depreciationAndAmortization": "354000000",
            "incomeBeforeTax": "261000000",
            "incomeTaxExpense": "-4000000",
            "interestAndDebtExpense": "111000000",
            "netIncomeFromContinuingOperations": "154000000",
            "comprehensiveIncomeNetOfTax": "507000000",
            "ebit": "372000000",
            "ebitda": "726000000",
            "netIncome": "265000000"
        },
        {
            "fiscalDateEnding": "2021-06-30",
            "reportedCurrency": "USD",
            "grossProfit": "573000000",
            "totalRevenue": "4607000000",
            "costOfRevenue": "4317000000",
            "costofGoodsAndServicesSold": "2649000000",
            "operatingIncome": "492000000",
            "sellingGeneralAndAdministrative": "1200000000",
            "researchAndDevelopment": "330000000",
            "operatingExpenses": "1932000000",
            "investmentIncomeNet": "2000000",
            "netInterestIncome": "-115000000",
            "interestIncome": "2000000",
            "interestExpense": "115000000",
            "nonInterestIncome": "None",
            "otherNonOperatingIncome": "-1000000",
            "depreciation": "None",
            "depreciationAndAmortization": "351000000",
            "incomeBeforeTax": "497000000",
            "incomeTaxExpense": "-28000000",
            "interestAndDebtExpense": "115000000",
            "netIncomeFromContinuingOperations": "407000000",
            "comprehensiveIncomeNetOfTax": "524000000",
            "ebit": "612000000",
            "ebitda": "963000000",
            "netIncome": "525000000"
        },
        {
            "fiscalDateEnding": "2021-03-31",
            "reportedCurrency": "USD",
            "grossProfit": "714000000",
            "totalRevenue": "4907000000",
            "costOfRevenue": "4193000000",
            "costofGoodsAndServicesSold": "2661000000",
            "operatingIncome": "434000000",
            "sellingGeneralAndAdministrative": "1148000000",
            "researchAndDevelopment": "317000000",
            "operatingExpenses": "1849000000",
            "investmentIncomeNet": "2000000",
            "netInterestIncome": "-124000000",
            "interestIncome": "2000000",
            "interestExpense": "124000000",
            "nonInterestIncome": "None",
            "otherNonOperatingIncome": "-8000000",
            "depreciation": "None",
            "depreciationAndAmortization": "350000000",
            "incomeBeforeTax": "305000000",
            "incomeTaxExpense": "6000000",
            "interestAndDebtExpense": "124000000",
            "netIncomeFromContinuingOperations": "299000000",
            "comprehensiveIncomeNetOfTax": "384000000",
            "ebit": "429000000",
            "ebitda": "779000000",
            "netIncome": "299000000"
        },
        {
            "fiscalDateEnding": "2020-12-31",
            "reportedCurrency": "USD",
            "grossProfit": "1201000000",
            "totalRevenue": "5315000000",
            "costOfRevenue": "4114000000",
            "costofGoodsAndServicesSold": "2583000000",
            "operatingIncome": "1241000000",
            "sellingGeneralAndAdministrative": "1149000000",
            "researchAndDevelopment": "291000000",
            "operatingExpenses": "1822000000",
            "investmentIncomeNet": "2000000",
            "netInterestIncome": "-118000000",
            "interestIncome": "2000000",
            "interestExpense": "118000000",
            "nonInterestIncome": "None",
            "otherNonOperatingIncome": "32000000",
            "depreciation": "None",
            "depreciationAndAmortization": "348000000",
            "incomeBeforeTax": "1157000000",
            "incomeTaxExpense": "154000000",
            "interestAndDebtExpense": "118000000",
            "netIncomeFromContinuingOperations": "1003000000",
            "comprehensiveIncomeNetOfTax": "1138000000",
            "ebit": "1275000000",
            "ebitda": "1623000000",
            "netIncome": "1003000000"
        },
        {
            "fiscalDateEnding": "2020-09-30",
            "reportedCurrency": "USD",
            "grossProfit": "2206000000",
            "totalRevenue": "4784000000",
            "costOfRevenue": "2578000000",
            "costofGoodsAndServicesSold": "2314000000",
            "operatingIncome": "-317000000",
            "sellingGeneralAndAdministrative": "1059000000",
            "researchAndDevelopment": "242000000",
            "operatingExpenses": "2089000000",
            "investmentIncomeNet": "2000000",
            "netInterestIncome": "-123000000",
            "interestIncome": "121000000",
            "interestExpense": "123000000",
            "nonInterestIncome": "-17000000",
            "otherNonOperatingIncome": "11000000",
            "depreciation": "None",
            "depreciationAndAmortization": "347000000",
            "incomeBeforeTax": "94000000",
            "incomeTaxExpense": "-34000000",
            "interestAndDebtExpense": "123000000",
            "netIncomeFromContinuingOperations": "-394000000",
            "comprehensiveIncomeNetOfTax": "-54000000",
            "ebit": "217000000",
            "ebitda": "564000000",
            "netIncome": "128000000"
        },
        {
            "fiscalDateEnding": "2020-06-30",
            "reportedCurrency": "USD",
            "grossProfit": "1659000000",
            "totalRevenue": "3855000000",
            "costOfRevenue": "2196000000",
            "costofGoodsAndServicesSold": "2195000000",
            "operatingIncome": "358000000",
            "sellingGeneralAndAdministrative": "980000000",
            "researchAndDevelopment": "262000000",
            "operatingExpenses": "1587000000",
            "investmentIncomeNet": "2000000",
            "netInterestIncome": "-135000000",
            "interestIncome": "2000000",
            "interestExpense": "135000000",
            "nonInterestIncome": "0",
            "otherNonOperatingIncome": "23000000",
            "depreciation": "None",
            "depreciationAndAmortization": "345000000",
            "incomeBeforeTax": "248000000",
            "incomeTaxExpense": "-38000000",
            "interestAndDebtExpense": "135000000",
            "netIncomeFromContinuingOperations": "286000000",
            "comprehensiveIncomeNetOfTax": "338000000",
            "ebit": "383000000",
            "ebitda": "728000000",
            "netIncome": "286000000"
        },
        {
            "fiscalDateEnding": "2020-03-31",
            "reportedCurrency": "USD",
            "grossProfit": "1734000000",
            "totalRevenue": "4253000000",
            "costOfRevenue": "2519000000",
            "costofGoodsAndServicesSold": "2520000000",
            "operatingIncome": "370000000",
            "sellingGeneralAndAdministrative": "1025000000",
            "researchAndDevelopment": "264000000",
            "operatingExpenses": "1835000000",
            "investmentIncomeNet": "2000000",
            "netInterestIncome": "-134000000",
            "interestIncome": "2000000",
            "interestExpense": "134000000",
            "nonInterestIncome": "0",
            "otherNonOperatingIncome": "-38000000",
            "depreciation": "None",
            "depreciationAndAmortization": "347000000",
            "incomeBeforeTax": "200000000",
            "incomeTaxExpense": "17000000",
            "interestAndDebtExpense": "134000000",
            "netIncomeFromContinuingOperations": "183000000",
            "comprehensiveIncomeNetOfTax": "-35000000",
            "ebit": "334000000",
            "ebitda": "681000000",
            "netIncome": "183000000"
        },
        {
            "fiscalDateEnding": "2019-12-31",
            "reportedCurrency": "USD",
            "grossProfit": "1978000000",
            "totalRevenue": "4225000000",
            "costOfRevenue": "2247000000",
            "costofGoodsAndServicesSold": "2247000000",
            "operatingIncome": "501000000",
            "sellingGeneralAndAdministrative": "1121000000",
            "researchAndDevelopment": "270000000",
            "operatingExpenses": "1795000000",
            "investmentIncomeNet": "1000000",
            "netInterestIncome": "-136000000",
            "interestIncome": "1000000",
            "interestExpense": "136000000",
            "nonInterestIncome": "0",
            "otherNonOperatingIncome": "27000000",
            "depreciation": "None",
            "depreciationAndAmortization": "345000000",
            "incomeBeforeTax": "395000000",
            "incomeTaxExpense": "117000000",
            "interestAndDebtExpense": "136000000",
            "netIncomeFromContinuingOperations": "277000000",
            "comprehensiveIncomeNetOfTax": "359000000",
            "ebit": "531000000",
            "ebitda": "876000000",
            "netIncome": "278000000"
        },
        {
            "fiscalDateEnding": "2019-09-30",
            "reportedCurrency": "USD",
            "grossProfit": "2266000000",
            "totalRevenue": "4584000000",
            "costOfRevenue": "2318000000",
            "costofGoodsAndServicesSold": "2318000000",
            "operatingIncome": "111000000",
            "sellingGeneralAndAdministrative": "1094000000",
            "researchAndDevelopment": "270000000",
            "operatingExpenses": "1704000000",
            "investmentIncomeNet": "4000000",
            "netInterestIncome": "-141000000",
            "interestIncome": "137000000",
            "interestExpense": "141000000",
            "nonInterestIncome": "-23000000",
            "otherNonOperatingIncome": "24000000",
            "depreciation": "None",
            "depreciationAndAmortization": "365000000",
            "incomeBeforeTax": "-1000000",
            "incomeTaxExpense": "-164000000",
            "interestAndDebtExpense": "141000000",
            "netIncomeFromContinuingOperations": "2266000000",
            "comprehensiveIncomeNetOfTax": "-223000000",
            "ebit": "140000000",
            "ebitda": "505000000",
            "netIncome": "163000000"
        },
        {
            "fiscalDateEnding": "2019-06-30",
            "reportedCurrency": "USD",
            "grossProfit": "2074000000",
            "totalRevenue": "4350000000",
            "costOfRevenue": "2276000000",
            "costofGoodsAndServicesSold": "2276000000",
            "operatingIncome": "626000000",
            "sellingGeneralAndAdministrative": "1076000000",
            "researchAndDevelopment": "282000000",
            "operatingExpenses": "1736000000",
            "investmentIncomeNet": "2000000",
            "netInterestIncome": "-156000000",
            "interestIncome": "2000000",
            "interestExpense": "156000000",
            "nonInterestIncome": "1000000",
            "otherNonOperatingIncome": "-11000000",
            "depreciation": "None",
            "depreciationAndAmortization": "378000000",
            "incomeBeforeTax": "460000000",
            "incomeTaxExpense": "9000000",
            "interestAndDebtExpense": "156000000",
            "netIncomeFromContinuingOperations": "451000000",
            "comprehensiveIncomeNetOfTax": "393000000",
            "ebit": "616000000",
            "ebitda": "994000000",
            "netIncome": "451000000"
        },
        {
            "fiscalDateEnding": "2019-03-31",
            "reportedCurrency": "USD",
            "grossProfit": "1974000000",
            "totalRevenue": "4195000000",
            "costOfRevenue": "2221000000",
            "costofGoodsAndServicesSold": "2221000000",
            "operatingIncome": "136000000",
            "sellingGeneralAndAdministrative": "1089000000",
            "researchAndDevelopment": "252000000",
            "operatingExpenses": "1782000000",
            "investmentIncomeNet": "18000000",
            "netInterestIncome": "-171000000",
            "interestIncome": "153000000",
            "interestExpense": "171000000",
            "nonInterestIncome": "0",
            "otherNonOperatingIncome": "20000000",
            "depreciation": "None",
            "depreciationAndAmortization": "376000000",
            "incomeBeforeTax": "3000000",
            "incomeTaxExpense": "-17000000",
            "interestAndDebtExpense": "171000000",
            "netIncomeFromContinuingOperations": "20000000",
            "comprehensiveIncomeNetOfTax": "108000000",
            "ebit": "174000000",
            "ebitda": "550000000",
            "netIncome": "20000000"
        },
        {
            "fiscalDateEnding": "2018-12-31",
            "reportedCurrency": "USD",
            "grossProfit": "1974000000",
            "totalRevenue": "4160000000",
            "costOfRevenue": "2186000000",
            "costofGoodsAndServicesSold": "2187000000",
            "operatingIncome": "888000000",
            "sellingGeneralAndAdministrative": "1073000000",
            "researchAndDevelopment": "258000000",
            "operatingExpenses": "1709000000",
            "investmentIncomeNet": "-12000000",
            "netInterestIncome": "-171000000",
            "interestIncome": "None",
            "interestExpense": "171000000",
            "nonInterestIncome": "335000000",
            "otherNonOperatingIncome": "10000000",
            "depreciation": "None",
            "depreciationAndAmortization": "378000000",
            "incomeBeforeTax": "714000000",
            "incomeTaxExpense": "115000000",
            "interestAndDebtExpense": "171000000",
            "netIncomeFromContinuingOperations": "599000000",
            "comprehensiveIncomeNetOfTax": "581000000",
            "ebit": "885000000",
            "ebitda": "1263000000",
            "netIncome": "599000000"
        },
        {
            "fiscalDateEnding": "2018-09-30",
            "reportedCurrency": "USD",
            "grossProfit": "2094000000",
            "totalRevenue": "4402000000",
            "costOfRevenue": "2308000000",
            "costofGoodsAndServicesSold": "2309000000",
            "operatingIncome": "576000000",
            "sellingGeneralAndAdministrative": "1101000000",
            "researchAndDevelopment": "277000000",
            "operatingExpenses": "1757000000",
            "investmentIncomeNet": "10000000",
            "netInterestIncome": "-181000000",
            "interestIncome": "None",
            "interestExpense": "181000000",
            "nonInterestIncome": "-14000000",
            "otherNonOperatingIncome": "10000000",
            "depreciation": "None",
            "depreciationAndAmortization": "376000000",
            "incomeBeforeTax": "414000000",
            "incomeTaxExpense": "549000000",
            "interestAndDebtExpense": "181000000",
            "netIncomeFromContinuingOperations": "2091000000",
            "comprehensiveIncomeNetOfTax": "-142000000",
            "ebit": "595000000",
            "ebitda": "971000000",
            "netIncome": "-135000000"
        },
        {
            "fiscalDateEnding": "2018-06-30",
            "reportedCurrency": "USD",
            "grossProfit": "2017000000",
            "totalRevenue": "4278000000",
            "costOfRevenue": "2261000000",
            "costofGoodsAndServicesSold": "2262000000",
            "operatingIncome": "512000000",
            "sellingGeneralAndAdministrative": "1086000000",
            "researchAndDevelopment": "277000000",
            "operatingExpenses": "1733000000",
            "investmentIncomeNet": "8000000",
            "netInterestIncome": "-182000000",
            "interestIncome": "None",
            "interestExpense": "182000000",
            "nonInterestIncome": "None",
            "otherNonOperatingIncome": "310000000",
            "depreciation": "None",
            "depreciationAndAmortization": "375000000",
            "incomeBeforeTax": "647000000",
            "incomeTaxExpense": "53000000",
            "interestAndDebtExpense": "182000000",
            "netIncomeFromContinuingOperations": "594000000",
            "comprehensiveIncomeNetOfTax": "397000000",
            "ebit": "829000000",
            "ebitda": "1204000000",
            "netIncome": "594000000"
        },
        {
            "fiscalDateEnding": "2018-03-31",
            "reportedCurrency": "USD",
            "grossProfit": "1606000000",
            "totalRevenue": "4222000000",
            "costOfRevenue": "2616000000",
            "costofGoodsAndServicesSold": "2616000000",
            "operatingIncome": "186000000",
            "sellingGeneralAndAdministrative": "1056000000",
            "researchAndDevelopment": "259000000",
            "operatingExpenses": "1687000000",
            "investmentIncomeNet": "4000000",
            "netInterestIncome": "-185000000",
            "interestIncome": "None",
            "interestExpense": "185000000",
            "nonInterestIncome": "None",
            "otherNonOperatingIncome": "1000000",
            "depreciation": "None",
            "depreciationAndAmortization": "370000000",
            "incomeBeforeTax": "6000000",
            "incomeTaxExpense": "18000000",
            "interestAndDebtExpense": "185000000",
            "netIncomeFromContinuingOperations": "-12000000",
            "comprehensiveIncomeNetOfTax": "24000000",
            "ebit": "191000000",
            "ebitda": "561000000",
            "netIncome": "-12000000"
        }
    ]
}