{
    "symbol": "BK",
    "annualReports": [
        {
            "fiscalDateEnding": "2022-12-31",
            "reportedCurrency": "USD",
            "grossProfit": "3328000000",
            "totalRevenue": "16377000000",
            "costOfRevenue": "13049000000",
            "costofGoodsAndServicesSold": "None",
            "operatingIncome": "-1275000000",
            "sellingGeneralAndAdministrative": "3850000000",
            "researchAndDevelopment": "None",
            "operatingExpenses": "4603000000",
            "investmentIncomeNet": "None",
            "netInterestIncome": "3504000000",
            "interestIncome": "7118000000",
            "interestExpense": "3614000000",
            "nonInterestIncome": "12873000000",
            "otherNonOperatingIncome": "None",
            "depreciation": "None",
            "depreciationAndAmortization": "73000000",
            "incomeBeforeTax": "3341000000",
            "incomeTaxExpense": "768000000",
            "interestAndDebtExpense": "3614000000",
            "netIncomeFromContinuingOperations": "-15053000000",
            "comprehensiveIncomeNetOfTax": "-1180000000",
            "ebit": "6955000000",
            "ebitda": "7028000000",
            "netIncome": "2573000000"
        },
        {
            "fiscalDateEnding": "2021-12-31",
            "reportedCurrency": "USD",
            "grossProfit": "4648000000",
            "totalRevenue": "15931000000",
            "costOfRevenue": "11283000000",
            "costofGoodsAndServicesSold": "None",
            "operatingIncome": "1021000000",
            "sellingGeneralAndAdministrative": "3542000000",
            "researchAndDevelopment": "None",
            "operatingExpenses": "3627000000",
            "investmentIncomeNet": "None",
            "netInterestIncome": "2618000000",
            "interestIncome": "2845000000",
            "interestExpense": "227000000",
            "nonInterestIncome": "13313000000",
            "otherNonOperatingIncome": "None",
            "depreciation": "None",
            "depreciationAndAmortization": "85000000",
            "incomeBeforeTax": "4636000000",
            "incomeTaxExpense": "877000000",
            "interestAndDebtExpense": "227000000",
            "netIncomeFromContinuingOperations": "-11370000000",
            "comprehensiveIncomeNetOfTax": "2531000000",
            "ebit": "4863000000",
            "ebitda": "4948000000",
            "netIncome": "3759000000"
        },
        {
            "fiscalDateEnding": "2020-12-31",
            "reportedCurrency": "USD",
            "grossProfit": "4468000000",
            "totalRevenue": "15808000000",
            "costOfRevenue": "11340000000",
            "costofGoodsAndServicesSold": "None",
            "operatingIncome": "904000000",
            "sellingGeneralAndAdministrative": "3459000000",
            "researchAndDevelopment": "None",
            "operatingExpenses": "3564000000",
            "investmentIncomeNet": "84000000",
            "netInterestIncome": "2977000000",
            "interestIncome": "4109000000",
            "interestExpense": "1132000000",
            "nonInterestIncome": "12831000000",
            "otherNonOperatingIncome": "84000000",
            "depreciation": "None",
            "depreciationAndAmortization": "105000000",
            "incomeBeforeTax": "4459000000",
            "incomeTaxExpense": "842000000",
            "interestAndDebtExpense": "1132000000",
            "netIncomeFromContinuingOperations": "-10858000000",
            "comprehensiveIncomeNetOfTax": "5275000000",
            "ebit": "5591000000",
            "ebitda": "5696000000",
            "netIncome": "3617000000"
        },
        {
            "fiscalDateEnding": "2019-12-31",
            "reportedCurrency": "USD",
            "grossProfit": "5587000000",
            "totalRevenue": "16462000000",
            "costOfRevenue": "10875000000",
            "costofGoodsAndServicesSold": "None",
            "operatingIncome": "2104000000",
            "sellingGeneralAndAdministrative": "3344000000",
            "researchAndDevelopment": "None",
            "operatingExpenses": "3483000000",
            "investmentIncomeNet": "56000000",
            "netInterestIncome": "3188000000",
            "interestIncome": "7548000000",
            "interestExpense": "4360000000",
            "nonInterestIncome": "13274000000",
            "otherNonOperatingIncome": "56000000",
            "depreciation": "None",
            "depreciationAndAmortization": "124000000",
            "incomeBeforeTax": "5561000000",
            "incomeTaxExpense": "1120000000",
            "interestAndDebtExpense": "4360000000",
            "netIncomeFromContinuingOperations": "-9860000000",
            "comprehensiveIncomeNetOfTax": "5064000000",
            "ebit": "9921000000",
            "ebitda": "10045000000",
            "netIncome": "4441000000"
        },
        {
            "fiscalDateEnding": "2018-12-31",
            "reportedCurrency": "USD",
            "grossProfit": "5216000000",
            "totalRevenue": "16392000000",
            "costOfRevenue": "11200000000",
            "costofGoodsAndServicesSold": "2810000000",
            "operatingIncome": "1766000000",
            "sellingGeneralAndAdministrative": "3259000000",
            "researchAndDevelopment": "None",
            "operatingExpenses": "3450000000",
            "investmentIncomeNet": "-13000000",
            "netInterestIncome": "3611000000",
            "interestIncome": "6432000000",
            "interestExpense": "2821000000",
            "nonInterestIncome": "12794000000",
            "otherNonOperatingIncome": "-13000000",
            "depreciation": "None",
            "depreciationAndAmortization": "180000000",
            "incomeBeforeTax": "5204000000",
            "incomeTaxExpense": "938000000",
            "interestAndDebtExpense": "2821000000",
            "netIncomeFromContinuingOperations": "4254000000",
            "comprehensiveIncomeNetOfTax": "3454000000",
            "ebit": "8025000000",
            "ebitda": "8205000000",
            "netIncome": "4266000000"
        }
    ],
    "quarterlyReports": [
        {
            "fiscalDateEnding": "2022-12-31",
            "reportedCurrency": "USD",
            "grossProfit": "704000000",
            "totalRevenue": "3937000000",
            "costOfRevenue": "3233000000",
            "costofGoodsAndServicesSold": "None",
            "operatingIncome": "-353000000",
            "sellingGeneralAndAdministrative": "1035000000",
            "researchAndDevelopment": "None",
            "operatingExpenses": "1057000000",
            "investmentIncomeNet": "None",
            "netInterestIncome": "1056000000",
            "interestIncome": "3197000000",
            "interestExpense": "2141000000",
            "nonInterestIncome": "2862000000",
            "otherNonOperatingIncome": "None",
            "depreciation": "None",
            "depreciationAndAmortization": "22000000",
            "incomeBeforeTax": "685000000",
            "incomeTaxExpense": "142000000",
            "interestAndDebtExpense": "2141000000",
            "netIncomeFromContinuingOperations": "-3708000000",
            "comprehensiveIncomeNetOfTax": "1204000000",
            "ebit": "2826000000",
            "ebitda": "2848000000",
            "netIncome": "543000000"
        },
        {
            "fiscalDateEnding": "2022-09-30",
            "reportedCurrency": "USD",
            "grossProfit": "660000000",
            "totalRevenue": "4309000000",
            "costOfRevenue": "3649000000",
            "costofGoodsAndServicesSold": "None",
            "operatingIncome": "-979000000",
            "sellingGeneralAndAdministrative": "942000000",
            "researchAndDevelopment": "None",
            "operatingExpenses": "1639000000",
            "investmentIncomeNet": "None",
            "netInterestIncome": "926000000",
            "interestIncome": "1984000000",
            "interestExpense": "1058000000",
            "nonInterestIncome": "3353000000",
            "otherNonOperatingIncome": "None",
            "depreciation": "None",
            "depreciationAndAmortization": "17000000",
            "incomeBeforeTax": "630000000",
            "incomeTaxExpense": "242000000",
            "interestAndDebtExpense": "1058000000",
            "netIncomeFromContinuingOperations": "-4900000000",
            "comprehensiveIncomeNetOfTax": "-932000000",
            "ebit": "1688000000",
            "ebitda": "1705000000",
            "netIncome": "388000000"
        },
        {
            "fiscalDateEnding": "2022-06-30",
            "reportedCurrency": "USD",
            "grossProfit": "1048000000",
            "totalRevenue": "4207000000",
            "costOfRevenue": "3159000000",
            "costofGoodsAndServicesSold": "None",
            "operatingIncome": "79000000",
            "sellingGeneralAndAdministrative": "952000000",
            "researchAndDevelopment": "None",
            "operatingExpenses": "969000000",
            "investmentIncomeNet": "None",
            "netInterestIncome": "824000000",
            "interestIncome": "1159000000",
            "interestExpense": "335000000",
            "nonInterestIncome": "3430000000",
            "otherNonOperatingIncome": "None",
            "depreciation": "None",
            "depreciationAndAmortization": "17000000",
            "incomeBeforeTax": "1100000000",
            "incomeTaxExpense": "231000000",
            "interestAndDebtExpense": "335000000",
            "netIncomeFromContinuingOperations": "-3264000000",
            "comprehensiveIncomeNetOfTax": "-557000000",
            "ebit": "1435000000",
            "ebitda": "1452000000",
            "netIncome": "869000000"
        },
        {
            "fiscalDateEnding": "2022-03-31",
            "reportedCurrency": "USD",
            "grossProfit": "916000000",
            "totalRevenue": "3924000000",
            "costOfRevenue": "3008000000",
            "costofGoodsAndServicesSold": "370000000",
            "operatingIncome": "-22000000",
            "sellingGeneralAndAdministrative": "921000000",
            "researchAndDevelopment": "None",
            "operatingExpenses": "938000000",
            "investmentIncomeNet": "None",
            "netInterestIncome": "698000000",
            "interestIncome": "778000000",
            "interestExpense": "80000000",
            "nonInterestIncome": "3228000000",
            "otherNonOperatingIncome": "None",
            "depreciation": "None",
            "depreciationAndAmortization": "17000000",
            "incomeBeforeTax": "926000000",
            "incomeTaxExpense": "153000000",
            "interestAndDebtExpense": "80000000",
            "netIncomeFromContinuingOperations": "-3181000000",
            "comprehensiveIncomeNetOfTax": "-895000000",
            "ebit": "1006000000",
            "ebitda": "1023000000",
            "netIncome": "773000000"
        },
        {
            "fiscalDateEnding": "2021-12-31",
            "reportedCurrency": "USD",
            "grossProfit": "1082000000",
            "totalRevenue": "3572000000",
            "costOfRevenue": "2950000000",
            "costofGoodsAndServicesSold": "None",
            "operatingIncome": "117000000",
            "sellingGeneralAndAdministrative": "946000000",
            "researchAndDevelopment": "None",
            "operatingExpenses": "965000000",
            "investmentIncomeNet": "None",
            "netInterestIncome": "677000000",
            "interestIncome": "729000000",
            "interestExpense": "52000000",
            "nonInterestIncome": "3338000000",
            "otherNonOperatingIncome": "None",
            "depreciation": "None",
            "depreciationAndAmortization": "19000000",
            "incomeBeforeTax": "1059000000",
            "incomeTaxExpense": "196000000",
            "interestAndDebtExpense": "52000000",
            "netIncomeFromContinuingOperations": "4000000",
            "comprehensiveIncomeNetOfTax": "653000000",
            "ebit": "1111000000",
            "ebitda": "1130000000",
            "netIncome": "863000000"
        },
        {
            "fiscalDateEnding": "2021-09-30",
            "reportedCurrency": "USD",
            "grossProfit": "1336000000",
            "totalRevenue": "4209000000",
            "costOfRevenue": "2873000000",
            "costofGoodsAndServicesSold": "423000000",
            "operatingIncome": "440000000",
            "sellingGeneralAndAdministrative": "877000000",
            "researchAndDevelopment": "None",
            "operatingExpenses": "896000000",
            "investmentIncomeNet": "None",
            "netInterestIncome": "641000000",
            "interestIncome": "693000000",
            "interestExpense": "52000000",
            "nonInterestIncome": "3394000000",
            "otherNonOperatingIncome": "None",
            "depreciation": "None",
            "depreciationAndAmortization": "19000000",
            "incomeBeforeTax": "1166000000",
            "incomeTaxExpense": "219000000",
            "interestAndDebtExpense": "52000000",
            "netIncomeFromContinuingOperations": "-2693000000",
            "comprehensiveIncomeNetOfTax": "614000000",
            "ebit": "1218000000",
            "ebitda": "1237000000",
            "netIncome": "947000000"
        },
        {
            "fiscalDateEnding": "2021-06-30",
            "reportedCurrency": "USD",
            "grossProfit": "1445000000",
            "totalRevenue": "4137000000",
            "costOfRevenue": "2692000000",
            "costofGoodsAndServicesSold": "None",
            "operatingIncome": "553000000",
            "sellingGeneralAndAdministrative": "872000000",
            "researchAndDevelopment": "None",
            "operatingExpenses": "892000000",
            "investmentIncomeNet": "None",
            "netInterestIncome": "645000000",
            "interestIncome": "685000000",
            "interestExpense": "40000000",
            "nonInterestIncome": "3315000000",
            "otherNonOperatingIncome": "None",
            "depreciation": "None",
            "depreciationAndAmortization": "20000000",
            "incomeBeforeTax": "1263000000",
            "incomeTaxExpense": "241000000",
            "interestAndDebtExpense": "40000000",
            "netIncomeFromContinuingOperations": "-2466000000",
            "comprehensiveIncomeNetOfTax": "1171000000",
            "ebit": "1303000000",
            "ebitda": "1323000000",
            "netIncome": "1022000000"
        },
        {
            "fiscalDateEnding": "2021-03-31",
            "reportedCurrency": "USD",
            "grossProfit": "1245000000",
            "totalRevenue": "4013000000",
            "costOfRevenue": "2768000000",
            "costofGoodsAndServicesSold": "None",
            "operatingIncome": "374000000",
            "sellingGeneralAndAdministrative": "847000000",
            "researchAndDevelopment": "None",
            "operatingExpenses": "871000000",
            "investmentIncomeNet": "None",
            "netInterestIncome": "655000000",
            "interestIncome": "738000000",
            "interestExpense": "83000000",
            "nonInterestIncome": "3266000000",
            "otherNonOperatingIncome": "None",
            "depreciation": "None",
            "depreciationAndAmortization": "24000000",
            "incomeBeforeTax": "1148000000",
            "incomeTaxExpense": "221000000",
            "interestAndDebtExpense": "83000000",
            "netIncomeFromContinuingOperations": "-2698000000",
            "comprehensiveIncomeNetOfTax": "93000000",
            "ebit": "1231000000",
            "ebitda": "1255000000",
            "netIncome": "927000000"
        },
        {
            "fiscalDateEnding": "2020-12-31",
            "reportedCurrency": "USD",
            "grossProfit": "937000000",
            "totalRevenue": "4207000000",
            "costOfRevenue": "2940000000",
            "costofGoodsAndServicesSold": "None",
            "operatingIncome": "-28000000",
            "sellingGeneralAndAdministrative": "939000000",
            "researchAndDevelopment": "None",
            "operatingExpenses": "965000000",
            "investmentIncomeNet": "41000000",
            "netInterestIncome": "680000000",
            "interestIncome": "776000000",
            "interestExpense": "96000000",
            "nonInterestIncome": "3163000000",
            "otherNonOperatingIncome": "41000000",
            "depreciation": "None",
            "depreciationAndAmortization": "26000000",
            "incomeBeforeTax": "898000000",
            "incomeTaxExpense": "148000000",
            "interestAndDebtExpense": "96000000",
            "netIncomeFromContinuingOperations": "-34000000",
            "comprehensiveIncomeNetOfTax": "1124000000",
            "ebit": "994000000",
            "ebitda": "1020000000",
            "netIncome": "750000000"
        },
        {
            "fiscalDateEnding": "2020-09-30",
            "reportedCurrency": "USD",
            "grossProfit": "1121000000",
            "totalRevenue": "3811000000",
            "costOfRevenue": "2690000000",
            "costofGoodsAndServicesSold": "None",
            "operatingIncome": "247000000",
            "sellingGeneralAndAdministrative": "848000000",
            "researchAndDevelopment": "None",
            "operatingExpenses": "874000000",
            "investmentIncomeNet": "27000000",
            "netInterestIncome": "703000000",
            "interestIncome": "820000000",
            "interestExpense": "117000000",
            "nonInterestIncome": "3144000000",
            "otherNonOperatingIncome": "27000000",
            "depreciation": "None",
            "depreciationAndAmortization": "26000000",
            "incomeBeforeTax": "1150000000",
            "incomeTaxExpense": "213000000",
            "interestAndDebtExpense": "117000000",
            "netIncomeFromContinuingOperations": "-2620000000",
            "comprehensiveIncomeNetOfTax": "1521000000",
            "ebit": "1267000000",
            "ebitda": "1293000000",
            "netIncome": "937000000"
        },
        {
            "fiscalDateEnding": "2020-06-30",
            "reportedCurrency": "USD",
            "grossProfit": "984000000",
            "totalRevenue": "3813000000",
            "costOfRevenue": "2829000000",
            "costofGoodsAndServicesSold": "None",
            "operatingIncome": "119000000",
            "sellingGeneralAndAdministrative": "839000000",
            "researchAndDevelopment": "None",
            "operatingExpenses": "865000000",
            "investmentIncomeNet": "54000000",
            "netInterestIncome": "780000000",
            "interestIncome": "943000000",
            "interestExpense": "163000000",
            "nonInterestIncome": "3230000000",
            "otherNonOperatingIncome": "54000000",
            "depreciation": "None",
            "depreciationAndAmortization": "26000000",
            "incomeBeforeTax": "1166000000",
            "incomeTaxExpense": "216000000",
            "interestAndDebtExpense": "163000000",
            "netIncomeFromContinuingOperations": "-2729000000",
            "comprehensiveIncomeNetOfTax": "1834000000",
            "ebit": "1329000000",
            "ebitda": "1355000000",
            "netIncome": "950000000"
        },
        {
            "fiscalDateEnding": "2020-03-31",
            "reportedCurrency": "USD",
            "grossProfit": "1096000000",
            "totalRevenue": "3977000000",
            "costOfRevenue": "2881000000",
            "costofGoodsAndServicesSold": "None",
            "operatingIncome": "237000000",
            "sellingGeneralAndAdministrative": "833000000",
            "researchAndDevelopment": "None",
            "operatingExpenses": "859000000",
            "investmentIncomeNet": "-38000000",
            "netInterestIncome": "814000000",
            "interestIncome": "1570000000",
            "interestExpense": "756000000",
            "nonInterestIncome": "3294000000",
            "otherNonOperatingIncome": "-38000000",
            "depreciation": "None",
            "depreciationAndAmortization": "26000000",
            "incomeBeforeTax": "1245000000",
            "incomeTaxExpense": "265000000",
            "interestAndDebtExpense": "756000000",
            "netIncomeFromContinuingOperations": "-2778000000",
            "comprehensiveIncomeNetOfTax": "796000000",
            "ebit": "2001000000",
            "ebitda": "2027000000",
            "netIncome": "980000000"
        },
        {
            "fiscalDateEnding": "2019-12-31",
            "reportedCurrency": "USD",
            "grossProfit": "1813000000",
            "totalRevenue": "4776000000",
            "costOfRevenue": "2956000000",
            "costofGoodsAndServicesSold": "None",
            "operatingIncome": "876000000",
            "sellingGeneralAndAdministrative": "909000000",
            "researchAndDevelopment": "None",
            "operatingExpenses": "937000000",
            "investmentIncomeNet": "17000000",
            "netInterestIncome": "815000000",
            "interestIncome": "1721000000",
            "interestExpense": "906000000",
            "nonInterestIncome": "3946000000",
            "otherNonOperatingIncome": "17000000",
            "depreciation": "None",
            "depreciationAndAmortization": "28000000",
            "incomeBeforeTax": "1813000000",
            "incomeTaxExpense": "373000000",
            "interestAndDebtExpense": "906000000",
            "netIncomeFromContinuingOperations": "-2444000000",
            "comprehensiveIncomeNetOfTax": "1695000000",
            "ebit": "2719000000",
            "ebitda": "2747000000",
            "netIncome": "1440000000"
        },
        {
            "fiscalDateEnding": "2019-09-30",
            "reportedCurrency": "USD",
            "grossProfit": "1308000000",
            "totalRevenue": "3882000000",
            "costOfRevenue": "2574000000",
            "costofGoodsAndServicesSold": "None",
            "operatingIncome": "394000000",
            "sellingGeneralAndAdministrative": "810000000",
            "researchAndDevelopment": "None",
            "operatingExpenses": "914000000",
            "investmentIncomeNet": "3000000",
            "netInterestIncome": "730000000",
            "interestIncome": "1942000000",
            "interestExpense": "1212000000",
            "nonInterestIncome": "3128000000",
            "otherNonOperatingIncome": "3000000",
            "depreciation": "None",
            "depreciationAndAmortization": "32000000",
            "incomeBeforeTax": "1284000000",
            "incomeTaxExpense": "246000000",
            "interestAndDebtExpense": "1212000000",
            "netIncomeFromContinuingOperations": "-2439000000",
            "comprehensiveIncomeNetOfTax": "833000000",
            "ebit": "2496000000",
            "ebitda": "2528000000",
            "netIncome": "1038000000"
        },
        {
            "fiscalDateEnding": "2019-06-30",
            "reportedCurrency": "USD",
            "grossProfit": "1291000000",
            "totalRevenue": "3930000000",
            "costOfRevenue": "2639000000",
            "costofGoodsAndServicesSold": "None",
            "operatingIncome": "422000000",
            "sellingGeneralAndAdministrative": "835000000",
            "researchAndDevelopment": "None",
            "operatingExpenses": "869000000",
            "investmentIncomeNet": "10000000",
            "netInterestIncome": "802000000",
            "interestIncome": "1965000000",
            "interestExpense": "1163000000",
            "nonInterestIncome": "3112000000",
            "otherNonOperatingIncome": "10000000",
            "depreciation": "None",
            "depreciationAndAmortization": "32000000",
            "incomeBeforeTax": "1281000000",
            "incomeTaxExpense": "264000000",
            "interestAndDebtExpense": "1163000000",
            "netIncomeFromContinuingOperations": "-2479000000",
            "comprehensiveIncomeNetOfTax": "1319000000",
            "ebit": "2444000000",
            "ebitda": "2476000000",
            "netIncome": "1017000000"
        },
        {
            "fiscalDateEnding": "2019-03-31",
            "reportedCurrency": "USD",
            "grossProfit": "1160000000",
            "totalRevenue": "3866000000",
            "costOfRevenue": "2706000000",
            "costofGoodsAndServicesSold": "None",
            "operatingIncome": "337000000",
            "sellingGeneralAndAdministrative": "790000000",
            "researchAndDevelopment": "None",
            "operatingExpenses": "823000000",
            "investmentIncomeNet": "26000000",
            "netInterestIncome": "841000000",
            "interestIncome": "1920000000",
            "interestExpense": "1079000000",
            "nonInterestIncome": "3032000000",
            "otherNonOperatingIncome": "26000000",
            "depreciation": "None",
            "depreciationAndAmortization": "29000000",
            "incomeBeforeTax": "1183000000",
            "incomeTaxExpense": "237000000",
            "interestAndDebtExpense": "1079000000",
            "netIncomeFromContinuingOperations": "-2573000000",
            "comprehensiveIncomeNetOfTax": "1217000000",
            "ebit": "2262000000",
            "ebitda": "2291000000",
            "netIncome": "946000000"
        },
        {
            "fiscalDateEnding": "2018-12-31",
            "reportedCurrency": "USD",
            "grossProfit": "1044000000",
            "totalRevenue": "2818000000",
            "costOfRevenue": "2987000000",
            "costofGoodsAndServicesSold": "979000000",
            "operatingIncome": "63000000",
            "sellingGeneralAndAdministrative": "943000000",
            "researchAndDevelopment": "None",
            "operatingExpenses": "981000000",
            "investmentIncomeNet": "-24000000",
            "netInterestIncome": "885000000",
            "interestIncome": "1864000000",
            "interestExpense": "979000000",
            "nonInterestIncome": "3146000000",
            "otherNonOperatingIncome": "-24000000",
            "depreciation": "None",
            "depreciationAndAmortization": "35000000",
            "incomeBeforeTax": "1031000000",
            "incomeTaxExpense": "150000000",
            "interestAndDebtExpense": "979000000",
            "netIncomeFromContinuingOperations": "-3098000000",
            "comprehensiveIncomeNetOfTax": "693000000",
            "ebit": "2010000000",
            "ebitda": "2045000000",
            "netIncome": "881000000"
        },
        {
            "fiscalDateEnding": "2018-09-30",
            "reportedCurrency": "USD",
            "grossProfit": "1710000000",
            "totalRevenue": "4445000000",
            "costOfRevenue": "2735000000",
            "costofGoodsAndServicesSold": "740000000",
            "operatingIncome": "-529000000",
            "sellingGeneralAndAdministrative": "2189000000",
            "researchAndDevelopment": "None",
            "operatingExpenses": "2239000000",
            "investmentIncomeNet": "10000000",
            "netInterestIncome": "891000000",
            "interestIncome": "1634000000",
            "interestExpense": "743000000",
            "nonInterestIncome": "3168000000",
            "otherNonOperatingIncome": "10000000",
            "depreciation": "None",
            "depreciationAndAmortization": "48000000",
            "incomeBeforeTax": "1331000000",
            "incomeTaxExpense": "220000000",
            "interestAndDebtExpense": "743000000",
            "netIncomeFromContinuingOperations": "-3477000000",
            "comprehensiveIncomeNetOfTax": "923000000",
            "ebit": "2074000000",
            "ebitda": "2122000000",
            "netIncome": "1111000000"
        },
        {
            "fiscalDateEnding": "2018-06-30",
            "reportedCurrency": "USD",
            "grossProfit": "1777000000",
            "totalRevenue": "4521000000",
            "costOfRevenue": "2744000000",
            "costofGoodsAndServicesSold": "634000000",
            "operatingIncome": "-502000000",
            "sellingGeneralAndAdministrative": "2227000000",
            "researchAndDevelopment": "None",
            "operatingExpenses": "2279000000",
            "investmentIncomeNet": "12000000",
            "netInterestIncome": "916000000",
            "interestIncome": "1553000000",
            "interestExpense": "637000000",
            "nonInterestIncome": "3210000000",
            "otherNonOperatingIncome": "12000000",
            "depreciation": "None",
            "depreciationAndAmortization": "48000000",
            "incomeBeforeTax": "1389000000",
            "incomeTaxExpense": "286000000",
            "interestAndDebtExpense": "637000000",
            "netIncomeFromContinuingOperations": "-3523000000",
            "comprehensiveIncomeNetOfTax": "651000000",
            "ebit": "2026000000",
            "ebitda": "2074000000",
            "netIncome": "1103000000"
        },
        {
            "fiscalDateEnding": "2018-03-31",
            "reportedCurrency": "USD",
            "grossProfit": "1874000000",
            "totalRevenue": "4608000000",
            "costOfRevenue": "2734000000",
            "costofGoodsAndServicesSold": "457000000",
            "operatingIncome": "-407000000",
            "sellingGeneralAndAdministrative": "2230000000",
            "researchAndDevelopment": "None",
            "operatingExpenses": "2281000000",
            "investmentIncomeNet": "-11000000",
            "netInterestIncome": "919000000",
            "interestIncome": "1381000000",
            "interestExpense": "462000000",
            "nonInterestIncome": "3270000000",
            "otherNonOperatingIncome": "-11000000",
            "depreciation": "None",
            "depreciationAndAmortization": "49000000",
            "incomeBeforeTax": "1453000000",
            "incomeTaxExpense": "282000000",
            "interestAndDebtExpense": "462000000",
            "netIncomeFromContinuingOperations": "-3439000000",
            "comprehensiveIncomeNetOfTax": "1187000000",
            "ebit": "1915000000",
            "ebitda": "1964000000",
            "netIncome": "1171000000"
        }
    ]
}