{
    "symbol": "CBRE",
    "annualReports": [
        {
            "fiscalDateEnding": "2022-12-31",
            "reportedCurrency": "USD",
            "grossProfit": "6588758000",
            "totalRevenue": "30828246000",
            "costOfRevenue": "24239488000",
            "costofGoodsAndServicesSold": "24239488000",
            "operatingIncome": "1511915000",
            "sellingGeneralAndAdministrative": "85100000",
            "researchAndDevelopment": "None",
            "operatingExpenses": "915543000",
            "investmentIncomeNet": "None",
            "netInterestIncome": "-68999000",
            "interestIncome": "-60324000",
            "interestExpense": "8675000",
            "nonInterestIncome": "30211930000",
            "otherNonOperatingIncome": "-11864000",
            "depreciation": "None",
            "depreciationAndAmortization": "613088000",
            "incomeBeforeTax": "1641600000",
            "incomeTaxExpense": "234230000",
            "interestAndDebtExpense": "10535000",
            "netIncomeFromContinuingOperations": "1423960000",
            "comprehensiveIncomeNetOfTax": "1065249000",
            "ebit": "1511915000",
            "ebitda": "2263363000",
            "netIncome": "1407370000"
        },
        {
            "fiscalDateEnding": "2021-12-31",
            "reportedCurrency": "USD",
            "grossProfit": "6166529000",
            "totalRevenue": "27746036000",
            "costOfRevenue": "21579507000",
            "costofGoodsAndServicesSold": "21579507000",
            "operatingIncome": "1637467000",
            "sellingGeneralAndAdministrative": "68900000",
            "researchAndDevelopment": "None",
            "operatingExpenses": "520883000",
            "investmentIncomeNet": "None",
            "netInterestIncome": "-50352000",
            "interestIncome": "-42037000",
            "interestExpense": "8315000",
            "nonInterestIncome": "27030291000",
            "otherNonOperatingIncome": "203609000",
            "depreciation": "None",
            "depreciationAndAmortization": "525871000",
            "incomeBeforeTax": "2404080000",
            "incomeTaxExpense": "567506000",
            "interestAndDebtExpense": "8315000",
            "netIncomeFromContinuingOperations": "1841915000",
            "comprehensiveIncomeNetOfTax": "1725641000",
            "ebit": "1637467000",
            "ebitda": "2938266000",
            "netIncome": "1836574000"
        },
        {
            "fiscalDateEnding": "2020-12-31",
            "reportedCurrency": "USD",
            "grossProfit": "4778575000",
            "totalRevenue": "23826195000",
            "costOfRevenue": "19047620000",
            "costofGoodsAndServicesSold": "19047620000",
            "operatingIncome": "969759000",
            "sellingGeneralAndAdministrative": "57200000",
            "researchAndDevelopment": "None",
            "operatingExpenses": "395746000",
            "investmentIncomeNet": "None",
            "netInterestIncome": "-67753000",
            "interestIncome": "14952000",
            "interestExpense": "82705000",
            "nonInterestIncome": "23169754000",
            "otherNonOperatingIncome": "17394000",
            "depreciation": "None",
            "depreciationAndAmortization": "501728000",
            "incomeBeforeTax": "966090000",
            "incomeTaxExpense": "214101000",
            "interestAndDebtExpense": "158297000",
            "netIncomeFromContinuingOperations": "755868000",
            "comprehensiveIncomeNetOfTax": "902011000",
            "ebit": "969759000",
            "ebitda": "1550523000",
            "netIncome": "751989000"
        },
        {
            "fiscalDateEnding": "2019-12-31",
            "reportedCurrency": "USD",
            "grossProfit": "5205078000",
            "totalRevenue": "23894091000",
            "costOfRevenue": "18689013000",
            "costofGoodsAndServicesSold": "18689013000",
            "operatingIncome": "1259875000",
            "sellingGeneralAndAdministrative": "76100000",
            "researchAndDevelopment": "None",
            "operatingExpenses": "367551000",
            "investmentIncomeNet": "None",
            "netInterestIncome": "-85754000",
            "interestIncome": "-77092000",
            "interestExpense": "8662000",
            "nonInterestIncome": "23335480000",
            "otherNonOperatingIncome": "28907000",
            "depreciation": "None",
            "depreciationAndAmortization": "439224000",
            "incomeBeforeTax": "1352252000",
            "incomeTaxExpense": "69895000",
            "interestAndDebtExpense": "11270000",
            "netIncomeFromContinuingOperations": "1291450000",
            "comprehensiveIncomeNetOfTax": "1320878000",
            "ebit": "1259875000",
            "ebitda": "1800138000",
            "netIncome": "1282357000"
        },
        {
            "fiscalDateEnding": "2018-12-31",
            "reportedCurrency": "USD",
            "grossProfit": "4890876000",
            "totalRevenue": "21340088000",
            "costOfRevenue": "16449212000",
            "costofGoodsAndServicesSold": "16449212000",
            "operatingIncome": "1087989000",
            "sellingGeneralAndAdministrative": "291299000",
            "researchAndDevelopment": "None",
            "operatingExpenses": "3365773000",
            "investmentIncomeNet": "8585000",
            "netInterestIncome": "-98685000",
            "interestIncome": "8585000",
            "interestExpense": "107270000",
            "nonInterestIncome": "20686957000",
            "otherNonOperatingIncome": "93020000",
            "depreciation": "None",
            "depreciationAndAmortization": "451988000",
            "incomeBeforeTax": "1376277000",
            "incomeTaxExpense": "313058000",
            "interestAndDebtExpense": "135252000",
            "netIncomeFromContinuingOperations": "1065948000",
            "comprehensiveIncomeNetOfTax": "897364000",
            "ebit": "1483547000",
            "ebitda": "1935535000",
            "netIncome": "1063219000"
        }
    ],
    "quarterlyReports": [
        {
            "fiscalDateEnding": "2022-12-31",
            "reportedCurrency": "USD",
            "grossProfit": "1695669000",
            "totalRevenue": "8194489000",
            "costOfRevenue": "6498820000",
            "costofGoodsAndServicesSold": "6498820000",
            "operatingIncome": "243676000",
            "sellingGeneralAndAdministrative": "1314329000",
            "researchAndDevelopment": "None",
            "operatingExpenses": "21900000",
            "investmentIncomeNet": "None",
            "netInterestIncome": "-17698000",
            "interestIncome": "-15560000",
            "interestExpense": "2138000",
            "nonInterestIncome": "8031134000",
            "otherNonOperatingIncome": "1665000",
            "depreciation": "None",
            "depreciationAndAmortization": "159561000",
            "incomeBeforeTax": "55651000",
            "incomeTaxExpense": "-25461000",
            "interestAndDebtExpense": "2136000",
            "netIncomeFromContinuingOperations": "-43800000",
            "comprehensiveIncomeNetOfTax": "321415000",
            "ebit": "243676000",
            "ebitda": "217350000",
            "netIncome": "81112000"
        },
        {
            "fiscalDateEnding": "2022-09-30",
            "reportedCurrency": "USD",
            "grossProfit": "1595056000",
            "totalRevenue": "7529546000",
            "costOfRevenue": "5934490000",
            "costofGoodsAndServicesSold": "5934490000",
            "operatingIncome": "374350000",
            "sellingGeneralAndAdministrative": "1080316000",
            "researchAndDevelopment": "None",
            "operatingExpenses": "178631000",
            "investmentIncomeNet": "None",
            "netInterestIncome": "-19957000",
            "interestIncome": "-16827000",
            "interestExpense": "3130000",
            "nonInterestIncome": "7376632000",
            "otherNonOperatingIncome": "7844000",
            "depreciation": "None",
            "depreciationAndAmortization": "142136000",
            "incomeBeforeTax": "589306000",
            "incomeTaxExpense": "142667000",
            "interestAndDebtExpense": "1862000",
            "netIncomeFromContinuingOperations": "451680000",
            "comprehensiveIncomeNetOfTax": "175125000",
            "ebit": "374350000",
            "ebitda": "734572000",
            "netIncome": "446639000"
        },
        {
            "fiscalDateEnding": "2022-06-30",
            "reportedCurrency": "USD",
            "grossProfit": "1717294000",
            "totalRevenue": "7771278000",
            "costOfRevenue": "6053984000",
            "costofGoodsAndServicesSold": "6053984000",
            "operatingIncome": "516937000",
            "sellingGeneralAndAdministrative": "1188819000",
            "researchAndDevelopment": "None",
            "operatingExpenses": "234478000",
            "investmentIncomeNet": "None",
            "netInterestIncome": "-18518000",
            "interestIncome": "-16774000",
            "interestExpense": "1744000",
            "nonInterestIncome": "7604491000",
            "otherNonOperatingIncome": "-6909000",
            "depreciation": "None",
            "depreciationAndAmortization": "162359000",
            "incomeBeforeTax": "608084000",
            "incomeTaxExpense": "120762000",
            "interestAndDebtExpense": "1744000",
            "netIncomeFromContinuingOperations": "489916000",
            "comprehensiveIncomeNetOfTax": "237193000",
            "ebit": "516937000",
            "ebitda": "772187000",
            "netIncome": "487322000"
        },
        {
            "fiscalDateEnding": "2022-03-31",
            "reportedCurrency": "USD",
            "grossProfit": "1580739000",
            "totalRevenue": "7332933000",
            "costOfRevenue": "5752194000",
            "costofGoodsAndServicesSold": "5752194000",
            "operatingIncome": "376952000",
            "sellingGeneralAndAdministrative": "1065996000",
            "researchAndDevelopment": "None",
            "operatingExpenses": "142385000",
            "investmentIncomeNet": "None",
            "netInterestIncome": "-12826000",
            "interestIncome": "-11163000",
            "interestExpense": "1663000",
            "nonInterestIncome": "7176545000",
            "otherNonOperatingIncome": "-14464000",
            "depreciation": "None",
            "depreciationAndAmortization": "149032000",
            "incomeBeforeTax": "388559000",
            "incomeTaxExpense": "-3738000",
            "interestAndDebtExpense": "1663000",
            "netIncomeFromContinuingOperations": "396271000",
            "comprehensiveIncomeNetOfTax": "331516000",
            "ebit": "376952000",
            "ebitda": "539254000",
            "netIncome": "392297000"
        },
        {
            "fiscalDateEnding": "2021-12-31",
            "reportedCurrency": "USD",
            "grossProfit": "1965962000",
            "totalRevenue": "8550217000",
            "costOfRevenue": "6584255000",
            "costofGoodsAndServicesSold": "6584255000",
            "operatingIncome": "592236000",
            "sellingGeneralAndAdministrative": "1262960000",
            "researchAndDevelopment": "None",
            "operatingExpenses": "306453000",
            "investmentIncomeNet": "None",
            "netInterestIncome": "-15436000",
            "interestIncome": "-12201000",
            "interestExpense": "3235000",
            "nonInterestIncome": "8262823000",
            "otherNonOperatingIncome": "181139000",
            "depreciation": "None",
            "depreciationAndAmortization": "162144000",
            "incomeBeforeTax": "916219000",
            "incomeTaxExpense": "224227000",
            "interestAndDebtExpense": "3235000",
            "netIncomeFromContinuingOperations": "692874000",
            "comprehensiveIncomeNetOfTax": "705509000",
            "ebit": "592236000",
            "ebitda": "1081598000",
            "netIncome": "691992000"
        },
        {
            "fiscalDateEnding": "2021-09-30",
            "reportedCurrency": "USD",
            "grossProfit": "1539380000",
            "totalRevenue": "6798327000",
            "costOfRevenue": "5258947000",
            "costofGoodsAndServicesSold": "5258947000",
            "operatingIncome": "409665000",
            "sellingGeneralAndAdministrative": "1025681000",
            "researchAndDevelopment": "None",
            "operatingExpenses": "138775000",
            "investmentIncomeNet": "None",
            "netInterestIncome": "-11038000",
            "interestIncome": "-9275000",
            "interestExpense": "1763000",
            "nonInterestIncome": "6630575000",
            "otherNonOperatingIncome": "7693000",
            "depreciation": "None",
            "depreciationAndAmortization": "122564000",
            "incomeBeforeTax": "569250000",
            "incomeTaxExpense": "133507000",
            "interestAndDebtExpense": "1763000",
            "netIncomeFromContinuingOperations": "436629000",
            "comprehensiveIncomeNetOfTax": "346131000",
            "ebit": "409665000",
            "ebitda": "693577000",
            "netIncome": "435743000"
        },
        {
            "fiscalDateEnding": "2021-06-30",
            "reportedCurrency": "USD",
            "grossProfit": "1441854000",
            "totalRevenue": "6458613000",
            "costOfRevenue": "5016759000",
            "costofGoodsAndServicesSold": "5016759000",
            "operatingIncome": "366482000",
            "sellingGeneralAndAdministrative": "957216000",
            "researchAndDevelopment": "None",
            "operatingExpenses": "127219000",
            "investmentIncomeNet": "None",
            "netInterestIncome": "-13772000",
            "interestIncome": "-12064000",
            "interestExpense": "1708000",
            "nonInterestIncome": "6296591000",
            "otherNonOperatingIncome": "12045000",
            "depreciation": "None",
            "depreciationAndAmortization": "119085000",
            "incomeBeforeTax": "576082000",
            "incomeTaxExpense": "133445000",
            "interestAndDebtExpense": "1708000",
            "netIncomeFromContinuingOperations": "443442000",
            "comprehensiveIncomeNetOfTax": "460608000",
            "ebit": "366482000",
            "ebitda": "696875000",
            "netIncome": "442637000"
        },
        {
            "fiscalDateEnding": "2021-03-31",
            "reportedCurrency": "USD",
            "grossProfit": "1219333000",
            "totalRevenue": "5938879000",
            "costOfRevenue": "4719546000",
            "costofGoodsAndServicesSold": "4719546000",
            "operatingIncome": "269084000",
            "sellingGeneralAndAdministrative": "156000",
            "researchAndDevelopment": "None",
            "operatingExpenses": "50764000",
            "investmentIncomeNet": "None",
            "netInterestIncome": "-10106000",
            "interestIncome": "-8497000",
            "interestExpense": "1609000",
            "nonInterestIncome": "5804128000",
            "otherNonOperatingIncome": "2732000",
            "depreciation": "None",
            "depreciationAndAmortization": "122078000",
            "incomeBeforeTax": "342529000",
            "incomeTaxExpense": "76327000",
            "interestAndDebtExpense": "1609000",
            "netIncomeFromContinuingOperations": "268977000",
            "comprehensiveIncomeNetOfTax": "213393000",
            "ebit": "269084000",
            "ebitda": "466216000",
            "netIncome": "266202000"
        },
        {
            "fiscalDateEnding": "2020-12-31",
            "reportedCurrency": "USD",
            "grossProfit": "1539671000",
            "totalRevenue": "6910501000",
            "costOfRevenue": "5370830000",
            "costofGoodsAndServicesSold": "5370830000",
            "operatingIncome": "443896000",
            "sellingGeneralAndAdministrative": "951106000",
            "researchAndDevelopment": "None",
            "operatingExpenses": "91136000",
            "investmentIncomeNet": "None",
            "netInterestIncome": "-15958000",
            "interestIncome": "62115000",
            "interestExpense": "78073000",
            "nonInterestIncome": "6633828000",
            "otherNonOperatingIncome": "4420000",
            "depreciation": "None",
            "depreciationAndAmortization": "143825000",
            "incomeBeforeTax": "408819000",
            "incomeTaxExpense": "95054000",
            "interestAndDebtExpense": "153665000",
            "netIncomeFromContinuingOperations": "443896000",
            "comprehensiveIncomeNetOfTax": "515438000",
            "ebit": "443896000",
            "ebitda": "630717000",
            "netIncome": "313765000"
        },
        {
            "fiscalDateEnding": "2020-09-30",
            "reportedCurrency": "USD",
            "grossProfit": "1080563000",
            "totalRevenue": "5645142000",
            "costOfRevenue": "4564579000",
            "costofGoodsAndServicesSold": "4564579000",
            "operatingIncome": "211408000",
            "sellingGeneralAndAdministrative": "794227000",
            "researchAndDevelopment": "None",
            "operatingExpenses": "128250000",
            "investmentIncomeNet": "None",
            "netInterestIncome": "-17829000",
            "interestIncome": "-16279000",
            "interestExpense": "1550000",
            "nonInterestIncome": "5487176000",
            "otherNonOperatingIncome": "7947000",
            "depreciation": "None",
            "depreciationAndAmortization": "127725000",
            "incomeBeforeTax": "233232000",
            "incomeTaxExpense": "49100000",
            "interestAndDebtExpense": "1550000",
            "netIncomeFromContinuingOperations": "184840000",
            "comprehensiveIncomeNetOfTax": "291250000",
            "ebit": "211408000",
            "ebitda": "362507000",
            "netIncome": "184132000"
        },
        {
            "fiscalDateEnding": "2020-06-30",
            "reportedCurrency": "USD",
            "grossProfit": "981847000",
            "totalRevenue": "5381384000",
            "costOfRevenue": "4399537000",
            "costofGoodsAndServicesSold": "4399537000",
            "operatingIncome": "94165000",
            "sellingGeneralAndAdministrative": "770806000",
            "researchAndDevelopment": "None",
            "operatingExpenses": "116620000",
            "investmentIncomeNet": "None",
            "netInterestIncome": "-17950000",
            "interestIncome": "-16369000",
            "interestExpense": "1581000",
            "nonInterestIncome": "5252241000",
            "otherNonOperatingIncome": "5220000",
            "depreciation": "None",
            "depreciationAndAmortization": "116384000",
            "incomeBeforeTax": "100700000",
            "incomeTaxExpense": "18803000",
            "interestAndDebtExpense": "1581000",
            "netIncomeFromContinuingOperations": "82112000",
            "comprehensiveIncomeNetOfTax": "94419000",
            "ebit": "94165000",
            "ebitda": "218665000",
            "netIncome": "81897000"
        },
        {
            "fiscalDateEnding": "2020-03-31",
            "reportedCurrency": "USD",
            "grossProfit": "1176494000",
            "totalRevenue": "5889168000",
            "costOfRevenue": "4712674000",
            "costofGoodsAndServicesSold": "4712674000",
            "operatingIncome": "220290000",
            "sellingGeneralAndAdministrative": "790066000",
            "researchAndDevelopment": "None",
            "operatingExpenses": "146434000",
            "investmentIncomeNet": "None",
            "netInterestIncome": "-16016000",
            "interestIncome": "-14515000",
            "interestExpense": "1501000",
            "nonInterestIncome": "5761423000",
            "otherNonOperatingIncome": "-193000",
            "depreciation": "None",
            "depreciationAndAmortization": "113794000",
            "incomeBeforeTax": "223377000",
            "incomeTaxExpense": "51182000",
            "interestAndDebtExpense": "1501000",
            "netIncomeFromContinuingOperations": "173530000",
            "comprehensiveIncomeNetOfTax": "904000",
            "ebit": "220290000",
            "ebitda": "338672000",
            "netIncome": "172195000"
        },
        {
            "fiscalDateEnding": "2019-12-31",
            "reportedCurrency": "USD",
            "grossProfit": "1585554000",
            "totalRevenue": "7119407000",
            "costOfRevenue": "5533853000",
            "costofGoodsAndServicesSold": "5533853000",
            "operatingIncome": "513841000",
            "sellingGeneralAndAdministrative": "956152000",
            "researchAndDevelopment": "None",
            "operatingExpenses": "64553000",
            "investmentIncomeNet": "None",
            "netInterestIncome": "-18116000",
            "interestIncome": "-16650000",
            "interestExpense": "1466000",
            "nonInterestIncome": "6967185000",
            "otherNonOperatingIncome": "2744000",
            "depreciation": "None",
            "depreciationAndAmortization": "115362000",
            "incomeBeforeTax": "537613000",
            "incomeTaxExpense": "-100005000",
            "interestAndDebtExpense": "1466000",
            "netIncomeFromContinuingOperations": "513841000",
            "comprehensiveIncomeNetOfTax": "744951000",
            "ebit": "513841000",
            "ebitda": "654441000",
            "netIncome": "637618000"
        },
        {
            "fiscalDateEnding": "2019-09-30",
            "reportedCurrency": "USD",
            "grossProfit": "1237765000",
            "totalRevenue": "5925101000",
            "costOfRevenue": "4687336000",
            "costofGoodsAndServicesSold": "4687336000",
            "operatingIncome": "316630000",
            "sellingGeneralAndAdministrative": "809584000",
            "researchAndDevelopment": "None",
            "operatingExpenses": "116077000",
            "investmentIncomeNet": "None",
            "netInterestIncome": "-21846000",
            "interestIncome": "-20355000",
            "interestExpense": "1491000",
            "nonInterestIncome": "5760025000",
            "otherNonOperatingIncome": "941000",
            "depreciation": "None",
            "depreciationAndAmortization": "111560000",
            "incomeBeforeTax": "320099000",
            "incomeTaxExpense": "63500000",
            "interestAndDebtExpense": "1491000",
            "netIncomeFromContinuingOperations": "258053000",
            "comprehensiveIncomeNetOfTax": "187178000",
            "ebit": "316630000",
            "ebitda": "433150000",
            "netIncome": "256599000"
        },
        {
            "fiscalDateEnding": "2019-06-30",
            "reportedCurrency": "USD",
            "grossProfit": "1268283000",
            "totalRevenue": "5714073000",
            "costOfRevenue": "4445790000",
            "costofGoodsAndServicesSold": "4445790000",
            "operatingIncome": "284417000",
            "sellingGeneralAndAdministrative": "877397000",
            "researchAndDevelopment": "None",
            "operatingExpenses": "877397000",
            "investmentIncomeNet": "None",
            "netInterestIncome": "-24600000",
            "interestIncome": "-41621000",
            "interestExpense": "-17021000",
            "nonInterestIncome": "5563529000",
            "otherNonOperatingIncome": "4369000",
            "depreciation": "None",
            "depreciationAndAmortization": "106479000",
            "incomeBeforeTax": "286252000",
            "incomeTaxExpense": "62521000",
            "interestAndDebtExpense": "-17021000",
            "netIncomeFromContinuingOperations": "223438000",
            "comprehensiveIncomeNetOfTax": "222240000",
            "ebit": "284417000",
            "ebitda": "375710000",
            "netIncome": "223731000"
        },
        {
            "fiscalDateEnding": "2019-03-31",
            "reportedCurrency": "USD",
            "grossProfit": "1113476000",
            "totalRevenue": "5135510000",
            "costOfRevenue": "4022034000",
            "costofGoodsAndServicesSold": "4022034000",
            "operatingIncome": "144987000",
            "sellingGeneralAndAdministrative": "792876000",
            "researchAndDevelopment": "None",
            "operatingExpenses": "792876000",
            "investmentIncomeNet": "1534000",
            "netInterestIncome": "-21192000",
            "interestIncome": "1534000",
            "interestExpense": "22726000",
            "nonInterestIncome": "5005079000",
            "otherNonOperatingIncome": "20853000",
            "depreciation": "None",
            "depreciationAndAmortization": "105823000",
            "incomeBeforeTax": "208287000",
            "incomeTaxExpense": "43878000",
            "interestAndDebtExpense": "25334000",
            "netIncomeFromContinuingOperations": "170826000",
            "comprehensiveIncomeNetOfTax": "166509000",
            "ebit": "231013000",
            "ebitda": "336836000",
            "netIncome": "164409000"
        },
        {
            "fiscalDateEnding": "2018-12-31",
            "reportedCurrency": "USD",
            "grossProfit": "1007911000",
            "totalRevenue": "6293748000",
            "costOfRevenue": "4417683000",
            "costofGoodsAndServicesSold": "4771599000",
            "operatingIncome": "459347000",
            "sellingGeneralAndAdministrative": "948171000",
            "researchAndDevelopment": "None",
            "operatingExpenses": "948171000",
            "investmentIncomeNet": "2244000",
            "netInterestIncome": "-22632000",
            "interestIncome": "2244000",
            "interestExpense": "24876000",
            "nonInterestIncome": "6103578000",
            "otherNonOperatingIncome": "-2224000",
            "depreciation": "None",
            "depreciationAndAmortization": "116940000",
            "incomeBeforeTax": "495407000",
            "incomeTaxExpense": "101612000",
            "interestAndDebtExpense": "24876000",
            "netIncomeFromContinuingOperations": "394503000",
            "comprehensiveIncomeNetOfTax": "354498000",
            "ebit": "520283000",
            "ebitda": "637223000",
            "netIncome": "393795000"
        },
        {
            "fiscalDateEnding": "2018-09-30",
            "reportedCurrency": "USD",
            "grossProfit": "1029698000",
            "totalRevenue": "5260954000",
            "costOfRevenue": "4231256000",
            "costofGoodsAndServicesSold": "4098904000",
            "operatingIncome": "189717000",
            "sellingGeneralAndAdministrative": "859085000",
            "researchAndDevelopment": "None",
            "operatingExpenses": "859085000",
            "investmentIncomeNet": "1231000",
            "netInterestIncome": "-25420000",
            "interestIncome": "1231000",
            "interestExpense": "26651000",
            "nonInterestIncome": "5092208000",
            "otherNonOperatingIncome": "95515000",
            "depreciation": "None",
            "depreciationAndAmortization": "113484000",
            "incomeBeforeTax": "385432000",
            "incomeTaxExpense": "94963000",
            "interestAndDebtExpense": "26651000",
            "netIncomeFromContinuingOperations": "291689000",
            "comprehensiveIncomeNetOfTax": "259989000",
            "ebit": "412083000",
            "ebitda": "525567000",
            "netIncome": "290469000"
        },
        {
            "fiscalDateEnding": "2018-06-30",
            "reportedCurrency": "USD",
            "grossProfit": "1039287000",
            "totalRevenue": "5111434000",
            "costOfRevenue": "4072147000",
            "costofGoodsAndServicesSold": "3958748000",
            "operatingIncome": "225316000",
            "sellingGeneralAndAdministrative": "826282000",
            "researchAndDevelopment": "None",
            "operatingExpenses": "826282000",
            "investmentIncomeNet": "1489000",
            "netInterestIncome": "-25396000",
            "interestIncome": "1489000",
            "interestExpense": "26885000",
            "nonInterestIncome": "4950192000",
            "otherNonOperatingIncome": "4009000",
            "depreciation": "None",
            "depreciationAndAmortization": "113399000",
            "incomeBeforeTax": "298986000",
            "incomeTaxExpense": "70319000",
            "interestAndDebtExpense": "26885000",
            "netIncomeFromContinuingOperations": "229631000",
            "comprehensiveIncomeNetOfTax": "63945000",
            "ebit": "325871000",
            "ebitda": "439270000",
            "netIncome": "228667000"
        },
        {
            "fiscalDateEnding": "2018-03-31",
            "reportedCurrency": "USD",
            "grossProfit": "945826000",
            "totalRevenue": "4673952000",
            "costOfRevenue": "3728126000",
            "costofGoodsAndServicesSold": "3619961000",
            "operatingIncome": "213609000",
            "sellingGeneralAndAdministrative": "732235000",
            "researchAndDevelopment": "None",
            "operatingExpenses": "732235000",
            "investmentIncomeNet": "3621000",
            "netInterestIncome": "-25237000",
            "interestIncome": "3621000",
            "interestExpense": "28858000",
            "nonInterestIncome": "-14674000",
            "otherNonOperatingIncome": "-4280000",
            "depreciation": "None",
            "depreciationAndAmortization": "108165000",
            "incomeBeforeTax": "196452000",
            "incomeTaxExpense": "46164000",
            "interestAndDebtExpense": "56840000",
            "netIncomeFromContinuingOperations": "150125000",
            "comprehensiveIncomeNetOfTax": "218932000",
            "ebit": "225310000",
            "ebitda": "333475000",
            "netIncome": "150288000"
        }
    ]
}