{
    "symbol": "CCI",
    "annualReports": [
        {
            "fiscalDateEnding": "2022-12-31",
            "reportedCurrency": "USD",
            "grossProfit": "4962000000",
            "totalRevenue": "6986000000",
            "costOfRevenue": "2024000000",
            "costofGoodsAndServicesSold": "466000000",
            "operatingIncome": "2425000000",
            "sellingGeneralAndAdministrative": "750000000",
            "researchAndDevelopment": "None",
            "operatingExpenses": "1432000000",
            "investmentIncomeNet": "3000000",
            "netInterestIncome": "-711000000",
            "interestIncome": "696000000",
            "interestExpense": "711000000",
            "nonInterestIncome": "669000000",
            "otherNonOperatingIncome": "-10000000",
            "depreciation": "1200000000",
            "depreciationAndAmortization": "628000000",
            "incomeBeforeTax": "1691000000",
            "incomeTaxExpense": "16000000",
            "interestAndDebtExpense": "739000000",
            "netIncomeFromContinuingOperations": "1675000000",
            "comprehensiveIncomeNetOfTax": "1674000000",
            "ebit": "2425000000",
            "ebitda": "3030000000",
            "netIncome": "1675000000"
        },
        {
            "fiscalDateEnding": "2021-12-31",
            "reportedCurrency": "USD",
            "grossProfit": "4387000000",
            "totalRevenue": "6340000000",
            "costOfRevenue": "1953000000",
            "costofGoodsAndServicesSold": "439000000",
            "operatingIncome": "2001000000",
            "sellingGeneralAndAdministrative": "680000000",
            "researchAndDevelopment": "None",
            "operatingExpenses": "1365000000",
            "investmentIncomeNet": "1000000",
            "netInterestIncome": "-669000000",
            "interestIncome": "656000000",
            "interestExpense": "669000000",
            "nonInterestIncome": "476000000",
            "otherNonOperatingIncome": "-21000000",
            "depreciation": "1200000000",
            "depreciationAndAmortization": "644000000",
            "incomeBeforeTax": "1117000000",
            "incomeTaxExpense": "21000000",
            "interestAndDebtExpense": "814000000",
            "netIncomeFromContinuingOperations": "1158000000",
            "comprehensiveIncomeNetOfTax": "1096000000",
            "ebit": "2001000000",
            "ebitda": "2430000000",
            "netIncome": "1096000000"
        },
        {
            "fiscalDateEnding": "2020-12-31",
            "reportedCurrency": "USD",
            "grossProfit": "3913000000",
            "totalRevenue": "5840000000",
            "costOfRevenue": "1927000000",
            "costofGoodsAndServicesSold": "448000000",
            "operatingIncome": "1863000000",
            "sellingGeneralAndAdministrative": "678000000",
            "researchAndDevelopment": "None",
            "operatingExpenses": "1420000000",
            "investmentIncomeNet": "2000000",
            "netInterestIncome": "-706000000",
            "interestIncome": "2000000",
            "interestExpense": "706000000",
            "nonInterestIncome": "425000000",
            "otherNonOperatingIncome": "-5000000",
            "depreciation": "1200000000",
            "depreciationAndAmortization": "650000000",
            "incomeBeforeTax": "1076000000",
            "incomeTaxExpense": "20000000",
            "interestAndDebtExpense": "801000000",
            "netIncomeFromContinuingOperations": "1056000000",
            "comprehensiveIncomeNetOfTax": "1057000000",
            "ebit": "1863000000",
            "ebitda": "2432000000",
            "netIncome": "1056000000"
        },
        {
            "fiscalDateEnding": "2019-12-31",
            "reportedCurrency": "USD",
            "grossProfit": "4375000000",
            "totalRevenue": "5763000000",
            "costOfRevenue": "1388000000",
            "costofGoodsAndServicesSold": "524000000",
            "operatingIncome": "1559000000",
            "sellingGeneralAndAdministrative": "614000000",
            "researchAndDevelopment": "None",
            "operatingExpenses": "864000000",
            "investmentIncomeNet": "6000000",
            "netInterestIncome": "-663000000",
            "interestIncome": "6000000",
            "interestExpense": "663000000",
            "nonInterestIncome": "668000000",
            "otherNonOperatingIncome": "1000000",
            "depreciation": "1100000000",
            "depreciationAndAmortization": "216000000",
            "incomeBeforeTax": "839000000",
            "incomeTaxExpense": "-21000000",
            "interestAndDebtExpense": "665000000",
            "netIncomeFromContinuingOperations": "860000000",
            "comprehensiveIncomeNetOfTax": "860000000",
            "ebit": "1559000000",
            "ebitda": "1718000000",
            "netIncome": "860000000"
        },
        {
            "fiscalDateEnding": "2018-12-31",
            "reportedCurrency": "USD",
            "grossProfit": "4383000000",
            "totalRevenue": "5370000000",
            "costOfRevenue": "1040000000",
            "costofGoodsAndServicesSold": "434000000",
            "operatingIncome": "1383000000",
            "sellingGeneralAndAdministrative": "563000000",
            "researchAndDevelopment": "None",
            "operatingExpenses": "603000000",
            "investmentIncomeNet": "5000000",
            "netInterestIncome": "-621000000",
            "interestIncome": "5000000",
            "interestExpense": "621000000",
            "nonInterestIncome": "5317000000",
            "otherNonOperatingIncome": "1000000",
            "depreciation": "1100000000",
            "depreciationAndAmortization": "445000000",
            "incomeBeforeTax": "540000000",
            "incomeTaxExpense": "-19000000",
            "interestAndDebtExpense": "727000000",
            "netIncomeFromContinuingOperations": "622000000",
            "comprehensiveIncomeNetOfTax": "621000000",
            "ebit": "1383000000",
            "ebitda": "1606000000",
            "netIncome": "559000000"
        }
    ],
    "quarterlyReports": [
        {
            "fiscalDateEnding": "2022-12-31",
            "reportedCurrency": "USD",
            "grossProfit": "668000000",
            "totalRevenue": "1764000000",
            "costOfRevenue": "1096000000",
            "costofGoodsAndServicesSold": "122000000",
            "operatingIncome": "612000000",
            "sellingGeneralAndAdministrative": "192000000",
            "researchAndDevelopment": "None",
            "operatingExpenses": "848000000",
            "investmentIncomeNet": "2000000",
            "netInterestIncome": "-196000000",
            "interestIncome": "190000000",
            "interestExpense": "196000000",
            "nonInterestIncome": "186000000",
            "otherNonOperatingIncome": "-5000000",
            "depreciation": "None",
            "depreciationAndAmortization": "431000000",
            "incomeBeforeTax": "444000000",
            "incomeTaxExpense": "30000000",
            "interestAndDebtExpense": "196000000",
            "netIncomeFromContinuingOperations": "414000000",
            "comprehensiveIncomeNetOfTax": "416000000",
            "ebit": "612000000",
            "ebitda": "1032000000",
            "netIncome": "414000000"
        },
        {
            "fiscalDateEnding": "2022-09-30",
            "reportedCurrency": "USD",
            "grossProfit": "1437000000",
            "totalRevenue": "1746000000",
            "costOfRevenue": "309000000",
            "costofGoodsAndServicesSold": "119000000",
            "operatingIncome": "602000000",
            "sellingGeneralAndAdministrative": "187000000",
            "researchAndDevelopment": "None",
            "operatingExpenses": "190000000",
            "investmentIncomeNet": "1000000",
            "netInterestIncome": "-180000000",
            "interestIncome": "176000000",
            "interestExpense": "180000000",
            "nonInterestIncome": "176000000",
            "otherNonOperatingIncome": "-2000000",
            "depreciation": "None",
            "depreciationAndAmortization": "429000000",
            "incomeBeforeTax": "416000000",
            "incomeTaxExpense": "-3000000",
            "interestAndDebtExpense": "182000000",
            "netIncomeFromContinuingOperations": "419000000",
            "comprehensiveIncomeNetOfTax": "417000000",
            "ebit": "602000000",
            "ebitda": "1022000000",
            "netIncome": "419000000"
        },
        {
            "fiscalDateEnding": "2022-06-30",
            "reportedCurrency": "USD",
            "grossProfit": "1423000000",
            "totalRevenue": "1734000000",
            "costOfRevenue": "311000000",
            "costofGoodsAndServicesSold": "112000000",
            "operatingIncome": "593000000",
            "sellingGeneralAndAdministrative": "190000000",
            "researchAndDevelopment": "None",
            "operatingExpenses": "199000000",
            "investmentIncomeNet": "None",
            "netInterestIncome": "-168000000",
            "interestIncome": "165000000",
            "interestExpense": "168000000",
            "nonInterestIncome": "167000000",
            "otherNonOperatingIncome": "-2000000",
            "depreciation": "None",
            "depreciationAndAmortization": "427000000",
            "incomeBeforeTax": "416000000",
            "incomeTaxExpense": "-5000000",
            "interestAndDebtExpense": "168000000",
            "netIncomeFromContinuingOperations": "421000000",
            "comprehensiveIncomeNetOfTax": "419000000",
            "ebit": "593000000",
            "ebitda": "1011000000",
            "netIncome": "421000000"
        },
        {
            "fiscalDateEnding": "2022-03-31",
            "reportedCurrency": "USD",
            "grossProfit": "1434000000",
            "totalRevenue": "1742000000",
            "costOfRevenue": "308000000",
            "costofGoodsAndServicesSold": "113000000",
            "operatingIncome": "618000000",
            "sellingGeneralAndAdministrative": "181000000",
            "researchAndDevelopment": "None",
            "operatingExpenses": "195000000",
            "investmentIncomeNet": "None",
            "netInterestIncome": "-167000000",
            "interestIncome": "164000000",
            "interestExpense": "167000000",
            "nonInterestIncome": "140000000",
            "otherNonOperatingIncome": "-1000000",
            "depreciation": "None",
            "depreciationAndAmortization": "420000000",
            "incomeBeforeTax": "415000000",
            "incomeTaxExpense": "-6000000",
            "interestAndDebtExpense": "193000000",
            "netIncomeFromContinuingOperations": "421000000",
            "comprehensiveIncomeNetOfTax": "422000000",
            "ebit": "618000000",
            "ebitda": "1004000000",
            "netIncome": "421000000"
        },
        {
            "fiscalDateEnding": "2021-12-31",
            "reportedCurrency": "USD",
            "grossProfit": "660000000",
            "totalRevenue": "1654000000",
            "costOfRevenue": "1143000000",
            "costofGoodsAndServicesSold": "138000000",
            "operatingIncome": "523000000",
            "sellingGeneralAndAdministrative": "180000000",
            "researchAndDevelopment": "None",
            "operatingExpenses": "856000000",
            "investmentIncomeNet": "0",
            "netInterestIncome": "-166000000",
            "interestIncome": "164000000",
            "interestExpense": "166000000",
            "nonInterestIncome": "180000000",
            "otherNonOperatingIncome": "-5000000",
            "depreciation": "None",
            "depreciationAndAmortization": "415000000",
            "incomeBeforeTax": "394000000",
            "incomeTaxExpense": "41000000",
            "interestAndDebtExpense": "166000000",
            "netIncomeFromContinuingOperations": "353000000",
            "comprehensiveIncomeNetOfTax": "352000000",
            "ebit": "523000000",
            "ebitda": "927000000",
            "netIncome": "353000000"
        },
        {
            "fiscalDateEnding": "2021-09-30",
            "reportedCurrency": "USD",
            "grossProfit": "1336000000",
            "totalRevenue": "1618000000",
            "costOfRevenue": "282000000",
            "costofGoodsAndServicesSold": "115000000",
            "operatingIncome": "526000000",
            "sellingGeneralAndAdministrative": "167000000",
            "researchAndDevelopment": "None",
            "operatingExpenses": "167000000",
            "investmentIncomeNet": "0",
            "netInterestIncome": "-166000000",
            "interestIncome": "163000000",
            "interestExpense": "166000000",
            "nonInterestIncome": "166000000",
            "otherNonOperatingIncome": "-4000000",
            "depreciation": "None",
            "depreciationAndAmortization": "413000000",
            "incomeBeforeTax": "344000000",
            "incomeTaxExpense": "-7000000",
            "interestAndDebtExpense": "167000000",
            "netIncomeFromContinuingOperations": "351000000",
            "comprehensiveIncomeNetOfTax": "350000000",
            "ebit": "526000000",
            "ebitda": "928000000",
            "netIncome": "351000000"
        },
        {
            "fiscalDateEnding": "2021-06-30",
            "reportedCurrency": "USD",
            "grossProfit": "1303000000",
            "totalRevenue": "1583000000",
            "costOfRevenue": "280000000",
            "costofGoodsAndServicesSold": "105000000",
            "operatingIncome": "505000000",
            "sellingGeneralAndAdministrative": "169000000",
            "researchAndDevelopment": "None",
            "operatingExpenses": "175000000",
            "investmentIncomeNet": "1000000",
            "netInterestIncome": "-164000000",
            "interestIncome": "1000000",
            "interestExpense": "164000000",
            "nonInterestIncome": "157000000",
            "otherNonOperatingIncome": "-5000000",
            "depreciation": "None",
            "depreciationAndAmortization": "408000000",
            "incomeBeforeTax": "328000000",
            "incomeTaxExpense": "-6000000",
            "interestAndDebtExpense": "165000000",
            "netIncomeFromContinuingOperations": "333000000",
            "comprehensiveIncomeNetOfTax": "335000000",
            "ebit": "505000000",
            "ebitda": "902000000",
            "netIncome": "334000000"
        },
        {
            "fiscalDateEnding": "2021-03-31",
            "reportedCurrency": "USD",
            "grossProfit": "1237000000",
            "totalRevenue": "1485000000",
            "costOfRevenue": "248000000",
            "costofGoodsAndServicesSold": "81000000",
            "operatingIncome": "448000000",
            "sellingGeneralAndAdministrative": "164000000",
            "researchAndDevelopment": "None",
            "operatingExpenses": "167000000",
            "investmentIncomeNet": "1000000",
            "netInterestIncome": "-173000000",
            "interestIncome": "169000000",
            "interestExpense": "173000000",
            "nonInterestIncome": "-27000000",
            "otherNonOperatingIncome": "-8000000",
            "depreciation": "None",
            "depreciationAndAmortization": "408000000",
            "incomeBeforeTax": "51000000",
            "incomeTaxExpense": "-7000000",
            "interestAndDebtExpense": "316000000",
            "netIncomeFromContinuingOperations": "121000000",
            "comprehensiveIncomeNetOfTax": "59000000",
            "ebit": "448000000",
            "ebitda": "637000000",
            "netIncome": "58000000"
        },
        {
            "fiscalDateEnding": "2020-12-31",
            "reportedCurrency": "USD",
            "grossProfit": "452000000",
            "totalRevenue": "1493000000",
            "costOfRevenue": "1100000000",
            "costofGoodsAndServicesSold": "124000000",
            "operatingIncome": "682000000",
            "sellingGeneralAndAdministrative": "185000000",
            "researchAndDevelopment": "None",
            "operatingExpenses": "917000000",
            "investmentIncomeNet": "0",
            "netInterestIncome": "-172000000",
            "interestIncome": "168000000",
            "interestExpense": "172000000",
            "nonInterestIncome": "141000000",
            "otherNonOperatingIncome": "-2000000",
            "depreciation": "None",
            "depreciationAndAmortization": "401000000",
            "incomeBeforeTax": "544000000",
            "incomeTaxExpense": "36000000",
            "interestAndDebtExpense": "172000000",
            "netIncomeFromContinuingOperations": "508000000",
            "comprehensiveIncomeNetOfTax": "508000000",
            "ebit": "682000000",
            "ebitda": "1075000000",
            "netIncome": "508000000"
        },
        {
            "fiscalDateEnding": "2020-09-30",
            "reportedCurrency": "USD",
            "grossProfit": "1212000000",
            "totalRevenue": "1486000000",
            "costOfRevenue": "274000000",
            "costofGoodsAndServicesSold": "117000000",
            "operatingIncome": "434000000",
            "sellingGeneralAndAdministrative": "154000000",
            "researchAndDevelopment": "None",
            "operatingExpenses": "157000000",
            "investmentIncomeNet": "0",
            "netInterestIncome": "-173000000",
            "interestIncome": "168000000",
            "interestExpense": "173000000",
            "nonInterestIncome": "52000000",
            "otherNonOperatingIncome": "-3000000",
            "depreciation": "None",
            "depreciationAndAmortization": "406000000",
            "incomeBeforeTax": "158000000",
            "incomeTaxExpense": "-5000000",
            "interestAndDebtExpense": "268000000",
            "netIncomeFromContinuingOperations": "163000000",
            "comprehensiveIncomeNetOfTax": "165000000",
            "ebit": "434000000",
            "ebitda": "736000000",
            "netIncome": "163000000"
        },
        {
            "fiscalDateEnding": "2020-06-30",
            "reportedCurrency": "USD",
            "grossProfit": "1165000000",
            "totalRevenue": "1440000000",
            "costOfRevenue": "275000000",
            "costofGoodsAndServicesSold": "108000000",
            "operatingIncome": "383000000",
            "sellingGeneralAndAdministrative": "164000000",
            "researchAndDevelopment": "None",
            "operatingExpenses": "167000000",
            "investmentIncomeNet": "1000000",
            "netInterestIncome": "-174000000",
            "interestIncome": "1000000",
            "interestExpense": "174000000",
            "nonInterestIncome": "121000000",
            "otherNonOperatingIncome": "0",
            "depreciation": "None",
            "depreciationAndAmortization": "402000000",
            "incomeBeforeTax": "194000000",
            "incomeTaxExpense": "-6000000",
            "interestAndDebtExpense": "174000000",
            "netIncomeFromContinuingOperations": "200000000",
            "comprehensiveIncomeNetOfTax": "200000000",
            "ebit": "383000000",
            "ebitda": "780000000",
            "netIncome": "200000000"
        },
        {
            "fiscalDateEnding": "2020-03-31",
            "reportedCurrency": "USD",
            "grossProfit": "1143000000",
            "totalRevenue": "1421000000",
            "costOfRevenue": "278000000",
            "costofGoodsAndServicesSold": "99000000",
            "operatingIncome": "364000000",
            "sellingGeneralAndAdministrative": "175000000",
            "researchAndDevelopment": "None",
            "operatingExpenses": "179000000",
            "investmentIncomeNet": "1000000",
            "netInterestIncome": "-171000000",
            "interestIncome": "1000000",
            "interestExpense": "171000000",
            "nonInterestIncome": "111000000",
            "otherNonOperatingIncome": "0",
            "depreciation": "None",
            "depreciationAndAmortization": "399000000",
            "incomeBeforeTax": "180000000",
            "incomeTaxExpense": "-5000000",
            "interestAndDebtExpense": "171000000",
            "netIncomeFromContinuingOperations": "185000000",
            "comprehensiveIncomeNetOfTax": "184000000",
            "ebit": "364000000",
            "ebitda": "763000000",
            "netIncome": "185000000"
        },
        {
            "fiscalDateEnding": "2019-12-31",
            "reportedCurrency": "USD",
            "grossProfit": "1426000000",
            "totalRevenue": "1426000000",
            "costOfRevenue": "345000000",
            "costofGoodsAndServicesSold": "117000000",
            "operatingIncome": "379000000",
            "sellingGeneralAndAdministrative": "157000000",
            "researchAndDevelopment": "None",
            "operatingExpenses": "231000000",
            "investmentIncomeNet": "1000000",
            "netInterestIncome": "-167000000",
            "interestIncome": "1000000",
            "interestExpense": "167000000",
            "nonInterestIncome": "0",
            "otherNonOperatingIncome": "7000000",
            "depreciation": "None",
            "depreciationAndAmortization": "53000000",
            "incomeBeforeTax": "202000000",
            "incomeTaxExpense": "-6000000",
            "interestAndDebtExpense": "0",
            "netIncomeFromContinuingOperations": "208000000",
            "comprehensiveIncomeNetOfTax": "208000000",
            "ebit": "379000000",
            "ebitda": "422000000",
            "netIncome": "208000000"
        },
        {
            "fiscalDateEnding": "2019-09-30",
            "reportedCurrency": "USD",
            "grossProfit": "1160000000",
            "totalRevenue": "1482000000",
            "costOfRevenue": "354000000",
            "costofGoodsAndServicesSold": "146000000",
            "operatingIncome": "423000000",
            "sellingGeneralAndAdministrative": "150000000",
            "researchAndDevelopment": "None",
            "operatingExpenses": "207000000",
            "investmentIncomeNet": "2000000",
            "netInterestIncome": "-168000000",
            "interestIncome": "2000000",
            "interestExpense": "168000000",
            "nonInterestIncome": "254000000",
            "otherNonOperatingIncome": "-5000000",
            "depreciation": "None",
            "depreciationAndAmortization": "55000000",
            "incomeBeforeTax": "267000000",
            "incomeTaxExpense": "-5000000",
            "interestAndDebtExpense": "168000000",
            "netIncomeFromContinuingOperations": "243000000",
            "comprehensiveIncomeNetOfTax": "242000000",
            "ebit": "423000000",
            "ebitda": "490000000",
            "netIncome": "272000000"
        },
        {
            "fiscalDateEnding": "2019-06-30",
            "reportedCurrency": "USD",
            "grossProfit": "1179000000",
            "totalRevenue": "1447000000",
            "costOfRevenue": "299000000",
            "costofGoodsAndServicesSold": "137000000",
            "operatingIncome": "389000000",
            "sellingGeneralAndAdministrative": "155000000",
            "researchAndDevelopment": "None",
            "operatingExpenses": "161000000",
            "investmentIncomeNet": "1000000",
            "netInterestIncome": "-164000000",
            "interestIncome": "1000000",
            "interestExpense": "164000000",
            "nonInterestIncome": "1477000000",
            "otherNonOperatingIncome": "0",
            "depreciation": "None",
            "depreciationAndAmortization": "393000000",
            "incomeBeforeTax": "242000000",
            "incomeTaxExpense": "-4000000",
            "interestAndDebtExpense": "165000000",
            "netIncomeFromContinuingOperations": "216000000",
            "comprehensiveIncomeNetOfTax": "216000000",
            "ebit": "389000000",
            "ebitda": "812000000",
            "netIncome": "246000000"
        },
        {
            "fiscalDateEnding": "2019-03-31",
            "reportedCurrency": "USD",
            "grossProfit": "1143000000",
            "totalRevenue": "1408000000",
            "costOfRevenue": "283000000",
            "costofGoodsAndServicesSold": "124000000",
            "operatingIncome": "367000000",
            "sellingGeneralAndAdministrative": "152000000",
            "researchAndDevelopment": "None",
            "operatingExpenses": "158000000",
            "investmentIncomeNet": "2000000",
            "netInterestIncome": "-164000000",
            "interestIncome": "166000000",
            "interestExpense": "164000000",
            "nonInterestIncome": "1425000000",
            "otherNonOperatingIncome": "-1000000",
            "depreciation": "None",
            "depreciationAndAmortization": "394000000",
            "incomeBeforeTax": "204000000",
            "incomeTaxExpense": "-6000000",
            "interestAndDebtExpense": "165000000",
            "netIncomeFromContinuingOperations": "193000000",
            "comprehensiveIncomeNetOfTax": "193000000",
            "ebit": "367000000",
            "ebitda": "777000000",
            "netIncome": "210000000"
        },
        {
            "fiscalDateEnding": "2018-12-31",
            "reportedCurrency": "USD",
            "grossProfit": "1419000000",
            "totalRevenue": "1406000000",
            "costOfRevenue": "288000000",
            "costofGoodsAndServicesSold": "135000000",
            "operatingIncome": "367000000",
            "sellingGeneralAndAdministrative": "145000000",
            "researchAndDevelopment": "None",
            "operatingExpenses": "153000000",
            "investmentIncomeNet": "2000000",
            "netInterestIncome": "164000000",
            "interestIncome": "None",
            "interestExpense": "-164000000",
            "nonInterestIncome": "0",
            "otherNonOperatingIncome": "1000000",
            "depreciation": "None",
            "depreciationAndAmortization": "390000000",
            "incomeBeforeTax": "180000000",
            "incomeTaxExpense": "-5000000",
            "interestAndDebtExpense": "0",
            "netIncomeFromContinuingOperations": "201000000",
            "comprehensiveIncomeNetOfTax": "201000000",
            "ebit": "367000000",
            "ebitda": "756000000",
            "netIncome": "185000000"
        },
        {
            "fiscalDateEnding": "2018-09-30",
            "reportedCurrency": "USD",
            "grossProfit": "1103000000",
            "totalRevenue": "1361000000",
            "costOfRevenue": "272000000",
            "costofGoodsAndServicesSold": "118000000",
            "operatingIncome": "346000000",
            "sellingGeneralAndAdministrative": "145000000",
            "researchAndDevelopment": "None",
            "operatingExpenses": "153000000",
            "investmentIncomeNet": "1000000",
            "netInterestIncome": "-155000000",
            "interestIncome": "None",
            "interestExpense": "155000000",
            "nonInterestIncome": "1343000000",
            "otherNonOperatingIncome": "1000000",
            "depreciation": "None",
            "depreciationAndAmortization": "385000000",
            "incomeBeforeTax": "131000000",
            "incomeTaxExpense": "-5000000",
            "interestAndDebtExpense": "187000000",
            "netIncomeFromContinuingOperations": "151000000",
            "comprehensiveIncomeNetOfTax": "151000000",
            "ebit": "346000000",
            "ebitda": "712000000",
            "netIncome": "136000000"
        },
        {
            "fiscalDateEnding": "2018-06-30",
            "reportedCurrency": "USD",
            "grossProfit": "1745000000",
            "totalRevenue": "1319000000",
            "costOfRevenue": "598000000",
            "costofGoodsAndServicesSold": "98000000",
            "operatingIncome": "335000000",
            "sellingGeneralAndAdministrative": "138000000",
            "researchAndDevelopment": "None",
            "operatingExpenses": "144000000",
            "investmentIncomeNet": "1000000",
            "netInterestIncome": "-153000000",
            "interestIncome": "None",
            "interestExpense": "153000000",
            "nonInterestIncome": "1166000000",
            "otherNonOperatingIncome": "0",
            "depreciation": "None",
            "depreciationAndAmortization": "379000000",
            "incomeBeforeTax": "147000000",
            "incomeTaxExpense": "-5000000",
            "interestAndDebtExpense": "156000000",
            "netIncomeFromContinuingOperations": "170000000",
            "comprehensiveIncomeNetOfTax": "169000000",
            "ebit": "335000000",
            "ebitda": "721000000",
            "netIncome": "152000000"
        },
        {
            "fiscalDateEnding": "2018-03-31",
            "reportedCurrency": "USD",
            "grossProfit": "1656000000",
            "totalRevenue": "1284000000",
            "costOfRevenue": "570000000",
            "costofGoodsAndServicesSold": "85000000",
            "operatingIncome": "335000000",
            "sellingGeneralAndAdministrative": "134000000",
            "researchAndDevelopment": "None",
            "operatingExpenses": "137000000",
            "investmentIncomeNet": "1000000",
            "netInterestIncome": "-155000000",
            "interestIncome": "None",
            "interestExpense": "155000000",
            "nonInterestIncome": "1082000000",
            "otherNonOperatingIncome": "-1000000",
            "depreciation": "None",
            "depreciationAndAmortization": "374000000",
            "incomeBeforeTax": "82000000",
            "incomeTaxExpense": "-4000000",
            "interestAndDebtExpense": "226000000",
            "netIncomeFromContinuingOperations": "100000000",
            "comprehensiveIncomeNetOfTax": "100000000",
            "ebit": "335000000",
            "ebitda": "650000000",
            "netIncome": "86000000"
        }
    ]
}