{
    "symbol": "CDNS",
    "annualReports": [
        {
            "fiscalDateEnding": "2022-12-31",
            "reportedCurrency": "USD",
            "grossProfit": "2618051000",
            "totalRevenue": "3534364000",
            "costOfRevenue": "916313000",
            "costofGoodsAndServicesSold": "41348000",
            "operatingIncome": "1073686000",
            "sellingGeneralAndAdministrative": "846340000",
            "researchAndDevelopment": "1251544000",
            "operatingExpenses": "2126713000",
            "investmentIncomeNet": "10099000",
            "netInterestIncome": "-22934000",
            "interestIncome": "10099000",
            "interestExpense": "22934000",
            "nonInterestIncome": "3561259000",
            "otherNonOperatingIncome": "-5389000",
            "depreciation": "69100000",
            "depreciationAndAmortization": "18470000",
            "incomeBeforeTax": "1045363000",
            "incomeTaxExpense": "196411000",
            "interestAndDebtExpense": "22934000",
            "netIncomeFromContinuingOperations": "848952000",
            "comprehensiveIncomeNetOfTax": "790626000",
            "ebit": "1068297000",
            "ebitda": "1086767000",
            "netIncome": "848952000"
        },
        {
            "fiscalDateEnding": "2021-12-31",
            "reportedCurrency": "USD",
            "grossProfit": "2149503000",
            "totalRevenue": "2967551000",
            "costOfRevenue": "818048000",
            "costofGoodsAndServicesSold": "47576000",
            "operatingIncome": "779089000",
            "sellingGeneralAndAdministrative": "749280000",
            "researchAndDevelopment": "1134277000",
            "operatingExpenses": "1905274000",
            "investmentIncomeNet": "2634000",
            "netInterestIncome": "-16980000",
            "interestIncome": "2634000",
            "interestExpense": "16980000",
            "nonInterestIncome": "2985455000",
            "otherNonOperatingIncome": "6326000",
            "depreciation": "71200000",
            "depreciationAndAmortization": "19640000",
            "incomeBeforeTax": "768435000",
            "incomeTaxExpense": "72480000",
            "interestAndDebtExpense": "16980000",
            "netIncomeFromContinuingOperations": "695955000",
            "comprehensiveIncomeNetOfTax": "680069000",
            "ebit": "785415000",
            "ebitda": "805055000",
            "netIncome": "695955000"
        },
        {
            "fiscalDateEnding": "2020-12-31",
            "reportedCurrency": "USD",
            "grossProfit": "1917472000",
            "totalRevenue": "2661765000",
            "costOfRevenue": "744293000",
            "costofGoodsAndServicesSold": "46184000",
            "operatingIncome": "645552000",
            "sellingGeneralAndAdministrative": "670885000",
            "researchAndDevelopment": "1033732000",
            "operatingExpenses": "1733469000",
            "investmentIncomeNet": "3817000",
            "netInterestIncome": "-20749000",
            "interestIncome": "3817000",
            "interestExpense": "20749000",
            "nonInterestIncome": "2687320000",
            "otherNonOperatingIncome": "7945000",
            "depreciation": "67600000",
            "depreciationAndAmortization": "18009000",
            "incomeBeforeTax": "632748000",
            "incomeTaxExpense": "42104000",
            "interestAndDebtExpense": "20749000",
            "netIncomeFromContinuingOperations": "590644000",
            "comprehensiveIncomeNetOfTax": "610145000",
            "ebit": "653497000",
            "ebitda": "671506000",
            "netIncome": "590644000"
        },
        {
            "fiscalDateEnding": "2019-12-31",
            "reportedCurrency": "USD",
            "grossProfit": "1623098000",
            "totalRevenue": "2308577000",
            "costOfRevenue": "685479000",
            "costofGoodsAndServicesSold": "40951000",
            "operatingIncome": "491796000",
            "sellingGeneralAndAdministrative": "621479000",
            "researchAndDevelopment": "935938000",
            "operatingExpenses": "1581098000",
            "investmentIncomeNet": "9509000",
            "netInterestIncome": "-18829000",
            "interestIncome": "9509000",
            "interestExpense": "18829000",
            "nonInterestIncome": "2332208000",
            "otherNonOperatingIncome": "6001000",
            "depreciation": "63300000",
            "depreciationAndAmortization": "12128000",
            "incomeBeforeTax": "478968000",
            "incomeTaxExpense": "-510011000",
            "interestAndDebtExpense": "18829000",
            "netIncomeFromContinuingOperations": "988979000",
            "comprehensiveIncomeNetOfTax": "976833000",
            "ebit": "497797000",
            "ebitda": "509925000",
            "netIncome": "988979000"
        },
        {
            "fiscalDateEnding": "2018-12-31",
            "reportedCurrency": "USD",
            "grossProfit": "1514376000",
            "totalRevenue": "2112626000",
            "costOfRevenue": "598250000",
            "costofGoodsAndServicesSold": "39247000",
            "operatingIncome": "396209000",
            "sellingGeneralAndAdministrative": "573075000",
            "researchAndDevelopment": "884816000",
            "operatingExpenses": "1488168000",
            "investmentIncomeNet": "8070000",
            "netInterestIncome": "-23139000",
            "interestIncome": "8070000",
            "interestExpense": "23139000",
            "nonInterestIncome": "2132465000",
            "otherNonOperatingIncome": "3320000",
            "depreciation": "60400000",
            "depreciationAndAmortization": "14086000",
            "incomeBeforeTax": "376390000",
            "incomeTaxExpense": "30613000",
            "interestAndDebtExpense": "23139000",
            "netIncomeFromContinuingOperations": "345777000",
            "comprehensiveIncomeNetOfTax": "327265000",
            "ebit": "399529000",
            "ebitda": "413615000",
            "netIncome": "345777000"
        }
    ],
    "quarterlyReports": [
        {
            "fiscalDateEnding": "2022-12-31",
            "reportedCurrency": "USD",
            "grossProfit": "876064000",
            "totalRevenue": "899877000",
            "costOfRevenue": "23813000",
            "costofGoodsAndServicesSold": "23813000",
            "operatingIncome": "211117000",
            "sellingGeneralAndAdministrative": "68065000",
            "researchAndDevelopment": "350423000",
            "operatingExpenses": "664947000",
            "investmentIncomeNet": "None",
            "netInterestIncome": "1017000",
            "interestIncome": "None",
            "interestExpense": "9082000",
            "nonInterestIncome": "None",
            "otherNonOperatingIncome": "8490000",
            "depreciation": "None",
            "depreciationAndAmortization": "38135000",
            "incomeBeforeTax": "210525000",
            "incomeTaxExpense": "-29867000",
            "interestAndDebtExpense": "None",
            "netIncomeFromContinuingOperations": "240392000",
            "comprehensiveIncomeNetOfTax": "270888000",
            "ebit": "219607000",
            "ebitda": "317476000",
            "netIncome": "240392000"
        },
        {
            "fiscalDateEnding": "2022-09-30",
            "reportedCurrency": "USD",
            "grossProfit": "814954000",
            "totalRevenue": "902554000",
            "costOfRevenue": "87600000",
            "costofGoodsAndServicesSold": "87600000",
            "operatingIncome": "260752000",
            "sellingGeneralAndAdministrative": "73688000",
            "researchAndDevelopment": "323629000",
            "operatingExpenses": "554188000",
            "investmentIncomeNet": "None",
            "netInterestIncome": "-5463000",
            "interestIncome": "None",
            "interestExpense": "5463000",
            "nonInterestIncome": "None",
            "otherNonOperatingIncome": "-3017000",
            "depreciation": "None",
            "depreciationAndAmortization": "27863000",
            "incomeBeforeTax": "252272000",
            "incomeTaxExpense": "65967000",
            "interestAndDebtExpense": "None",
            "netIncomeFromContinuingOperations": "186305000",
            "comprehensiveIncomeNetOfTax": "145552000",
            "ebit": "257735000",
            "ebitda": "285598000",
            "netIncome": "186305000"
        },
        {
            "fiscalDateEnding": "2022-06-30",
            "reportedCurrency": "USD",
            "grossProfit": "764873000",
            "totalRevenue": "857521000",
            "costOfRevenue": "92648000",
            "costofGoodsAndServicesSold": "92648000",
            "operatingIncome": "282888000",
            "sellingGeneralAndAdministrative": "51426000",
            "researchAndDevelopment": "286597000",
            "operatingExpenses": "481952000",
            "investmentIncomeNet": "None",
            "netInterestIncome": "-4281000",
            "interestIncome": "None",
            "interestExpense": "4281000",
            "nonInterestIncome": "None",
            "otherNonOperatingIncome": "-5962000",
            "depreciation": "None",
            "depreciationAndAmortization": "33681000",
            "incomeBeforeTax": "272645000",
            "incomeTaxExpense": "85725000",
            "interestAndDebtExpense": "None",
            "netIncomeFromContinuingOperations": "186920000",
            "comprehensiveIncomeNetOfTax": "153459000",
            "ebit": "276926000",
            "ebitda": "310607000",
            "netIncome": "186920000"
        },
        {
            "fiscalDateEnding": "2022-03-31",
            "reportedCurrency": "USD",
            "grossProfit": "803918000",
            "totalRevenue": "901766000",
            "costOfRevenue": "97848000",
            "costofGoodsAndServicesSold": "97848000",
            "operatingIncome": "318929000",
            "sellingGeneralAndAdministrative": "48937000",
            "researchAndDevelopment": "290895000",
            "operatingExpenses": "484982000",
            "investmentIncomeNet": "None",
            "netInterestIncome": "-4108000",
            "interestIncome": "None",
            "interestExpense": "4108000",
            "nonInterestIncome": "None",
            "otherNonOperatingIncome": "-4900000",
            "depreciation": "None",
            "depreciationAndAmortization": "35751000",
            "incomeBeforeTax": "309921000",
            "incomeTaxExpense": "74586000",
            "interestAndDebtExpense": "None",
            "netIncomeFromContinuingOperations": "235335000",
            "comprehensiveIncomeNetOfTax": "220727000",
            "ebit": "314029000",
            "ebitda": "349780000",
            "netIncome": "235335000"
        },
        {
            "fiscalDateEnding": "2021-12-31",
            "reportedCurrency": "USD",
            "grossProfit": "533960000",
            "totalRevenue": "765072000",
            "costOfRevenue": "231112000",
            "costofGoodsAndServicesSold": "11802000",
            "operatingIncome": "195680000",
            "sellingGeneralAndAdministrative": "213811000",
            "researchAndDevelopment": "288953000",
            "operatingExpenses": "508554000",
            "investmentIncomeNet": "None",
            "netInterestIncome": "-4251000",
            "interestIncome": "None",
            "interestExpense": "4251000",
            "nonInterestIncome": "770247000",
            "otherNonOperatingIncome": "2625000",
            "depreciation": "None",
            "depreciationAndAmortization": "4979000",
            "incomeBeforeTax": "194054000",
            "incomeTaxExpense": "17475000",
            "interestAndDebtExpense": "4251000",
            "netIncomeFromContinuingOperations": "176579000",
            "comprehensiveIncomeNetOfTax": "170831000",
            "ebit": "198305000",
            "ebitda": "203284000",
            "netIncome": "176579000"
        },
        {
            "fiscalDateEnding": "2021-09-30",
            "reportedCurrency": "USD",
            "grossProfit": "543656000",
            "totalRevenue": "746699000",
            "costOfRevenue": "203043000",
            "costofGoodsAndServicesSold": "11774000",
            "operatingIncome": "194034000",
            "sellingGeneralAndAdministrative": "186391000",
            "researchAndDevelopment": "289105000",
            "operatingExpenses": "480374000",
            "investmentIncomeNet": "None",
            "netInterestIncome": "-4196000",
            "interestIncome": "None",
            "interestExpense": "4196000",
            "nonInterestIncome": "750895000",
            "otherNonOperatingIncome": "-1143000",
            "depreciation": "None",
            "depreciationAndAmortization": "5000000",
            "incomeBeforeTax": "188695000",
            "incomeTaxExpense": "12388000",
            "interestAndDebtExpense": "4196000",
            "netIncomeFromContinuingOperations": "176307000",
            "comprehensiveIncomeNetOfTax": "170536000",
            "ebit": "192891000",
            "ebitda": "197891000",
            "netIncome": "176307000"
        },
        {
            "fiscalDateEnding": "2021-06-30",
            "reportedCurrency": "USD",
            "grossProfit": "530576000",
            "totalRevenue": "723969000",
            "costOfRevenue": "193393000",
            "costofGoodsAndServicesSold": "12232000",
            "operatingIncome": "185438000",
            "sellingGeneralAndAdministrative": "176300000",
            "researchAndDevelopment": "285227000",
            "operatingExpenses": "466388000",
            "investmentIncomeNet": "None",
            "netInterestIncome": "-4316000",
            "interestIncome": "None",
            "interestExpense": "4316000",
            "nonInterestIncome": "728285000",
            "otherNonOperatingIncome": "2143000",
            "depreciation": "None",
            "depreciationAndAmortization": "5030000",
            "incomeBeforeTax": "183265000",
            "incomeTaxExpense": "27365000",
            "interestAndDebtExpense": "4316000",
            "netIncomeFromContinuingOperations": "155900000",
            "comprehensiveIncomeNetOfTax": "161145000",
            "ebit": "187581000",
            "ebitda": "192611000",
            "netIncome": "155900000"
        },
        {
            "fiscalDateEnding": "2021-03-31",
            "reportedCurrency": "USD",
            "grossProfit": "542911000",
            "totalRevenue": "731811000",
            "costOfRevenue": "188900000",
            "costofGoodsAndServicesSold": "11768000",
            "operatingIncome": "203937000",
            "sellingGeneralAndAdministrative": "172778000",
            "researchAndDevelopment": "270992000",
            "operatingExpenses": "448201000",
            "investmentIncomeNet": "None",
            "netInterestIncome": "-4217000",
            "interestIncome": "None",
            "interestExpense": "4217000",
            "nonInterestIncome": "736028000",
            "otherNonOperatingIncome": "2701000",
            "depreciation": "None",
            "depreciationAndAmortization": "4631000",
            "incomeBeforeTax": "202421000",
            "incomeTaxExpense": "15252000",
            "interestAndDebtExpense": "4217000",
            "netIncomeFromContinuingOperations": "187169000",
            "comprehensiveIncomeNetOfTax": "177557000",
            "ebit": "206638000",
            "ebitda": "211269000",
            "netIncome": "187169000"
        },
        {
            "fiscalDateEnding": "2020-12-31",
            "reportedCurrency": "USD",
            "grossProfit": "531181000",
            "totalRevenue": "754659000",
            "costOfRevenue": "223478000",
            "costofGoodsAndServicesSold": "12393000",
            "operatingIncome": "184979000",
            "sellingGeneralAndAdministrative": "195766000",
            "researchAndDevelopment": "290309000",
            "operatingExpenses": "501935000",
            "investmentIncomeNet": "None",
            "netInterestIncome": "-4873000",
            "interestIncome": "None",
            "interestExpense": "4873000",
            "nonInterestIncome": "764338000",
            "otherNonOperatingIncome": "6083000",
            "depreciation": "None",
            "depreciationAndAmortization": "4775000",
            "incomeBeforeTax": "186189000",
            "incomeTaxExpense": "12451000",
            "interestAndDebtExpense": "4873000",
            "netIncomeFromContinuingOperations": "173738000",
            "comprehensiveIncomeNetOfTax": "189933000",
            "ebit": "191062000",
            "ebitda": "195837000",
            "netIncome": "173738000"
        },
        {
            "fiscalDateEnding": "2020-09-30",
            "reportedCurrency": "USD",
            "grossProfit": "485718000",
            "totalRevenue": "661282000",
            "costOfRevenue": "175564000",
            "costofGoodsAndServicesSold": "11447000",
            "operatingIncome": "169272000",
            "sellingGeneralAndAdministrative": "159666000",
            "researchAndDevelopment": "250934000",
            "operatingExpenses": "415051000",
            "investmentIncomeNet": "None",
            "netInterestIncome": "-5325000",
            "interestIncome": "None",
            "interestExpense": "5325000",
            "nonInterestIncome": "666607000",
            "otherNonOperatingIncome": "1766000",
            "depreciation": "None",
            "depreciationAndAmortization": "4438000",
            "incomeBeforeTax": "165713000",
            "incomeTaxExpense": "4083000",
            "interestAndDebtExpense": "5325000",
            "netIncomeFromContinuingOperations": "161630000",
            "comprehensiveIncomeNetOfTax": "173027000",
            "ebit": "171038000",
            "ebitda": "175476000",
            "netIncome": "161630000"
        },
        {
            "fiscalDateEnding": "2020-06-30",
            "reportedCurrency": "USD",
            "grossProfit": "460588000",
            "totalRevenue": "632504000",
            "costOfRevenue": "171916000",
            "costofGoodsAndServicesSold": "11484000",
            "operatingIncome": "151950000",
            "sellingGeneralAndAdministrative": "156117000",
            "researchAndDevelopment": "250821000",
            "operatingExpenses": "411253000",
            "investmentIncomeNet": "None",
            "netInterestIncome": "-5914000",
            "interestIncome": "None",
            "interestExpense": "5914000",
            "nonInterestIncome": "638418000",
            "otherNonOperatingIncome": "4630000",
            "depreciation": "None",
            "depreciationAndAmortization": "4590000",
            "incomeBeforeTax": "150666000",
            "incomeTaxExpense": "19378000",
            "interestAndDebtExpense": "5914000",
            "netIncomeFromContinuingOperations": "131288000",
            "comprehensiveIncomeNetOfTax": "132846000",
            "ebit": "156580000",
            "ebitda": "161170000",
            "netIncome": "131288000"
        },
        {
            "fiscalDateEnding": "2020-03-31",
            "reportedCurrency": "USD",
            "grossProfit": "439985000",
            "totalRevenue": "613320000",
            "costOfRevenue": "173335000",
            "costofGoodsAndServicesSold": "10860000",
            "operatingIncome": "139351000",
            "sellingGeneralAndAdministrative": "159336000",
            "researchAndDevelopment": "241668000",
            "operatingExpenses": "404066000",
            "investmentIncomeNet": "None",
            "netInterestIncome": "-4637000",
            "interestIncome": "None",
            "interestExpense": "4637000",
            "nonInterestIncome": "617957000",
            "otherNonOperatingIncome": "-4534000",
            "depreciation": "None",
            "depreciationAndAmortization": "4206000",
            "incomeBeforeTax": "130180000",
            "incomeTaxExpense": "6192000",
            "interestAndDebtExpense": "4637000",
            "netIncomeFromContinuingOperations": "123988000",
            "comprehensiveIncomeNetOfTax": "114339000",
            "ebit": "134817000",
            "ebitda": "139023000",
            "netIncome": "123988000"
        },
        {
            "fiscalDateEnding": "2019-12-31",
            "reportedCurrency": "USD",
            "grossProfit": "392291000",
            "totalRevenue": "586420000",
            "costOfRevenue": "194129000",
            "costofGoodsAndServicesSold": "9873000",
            "operatingIncome": "108899000",
            "sellingGeneralAndAdministrative": "169360000",
            "researchAndDevelopment": "235372000",
            "operatingExpenses": "420618000",
            "investmentIncomeNet": "None",
            "netInterestIncome": "-4222000",
            "interestIncome": "None",
            "interestExpense": "4222000",
            "nonInterestIncome": "595444000",
            "otherNonOperatingIncome": "748000",
            "depreciation": "None",
            "depreciationAndAmortization": "2787000",
            "incomeBeforeTax": "105425000",
            "incomeTaxExpense": "-554250000",
            "interestAndDebtExpense": "4222000",
            "netIncomeFromContinuingOperations": "659675000",
            "comprehensiveIncomeNetOfTax": "662741000",
            "ebit": "109647000",
            "ebitda": "112434000",
            "netIncome": "659675000"
        },
        {
            "fiscalDateEnding": "2019-09-30",
            "reportedCurrency": "USD",
            "grossProfit": "408178000",
            "totalRevenue": "575363000",
            "costOfRevenue": "167185000",
            "costofGoodsAndServicesSold": "9925000",
            "operatingIncome": "120826000",
            "sellingGeneralAndAdministrative": "154572000",
            "researchAndDevelopment": "240542000",
            "operatingExpenses": "397802000",
            "investmentIncomeNet": "None",
            "netInterestIncome": "-4240000",
            "interestIncome": "None",
            "interestExpense": "4240000",
            "nonInterestIncome": "579603000",
            "otherNonOperatingIncome": "122000",
            "depreciation": "None",
            "depreciationAndAmortization": "2874000",
            "incomeBeforeTax": "116708000",
            "incomeTaxExpense": "15194000",
            "interestAndDebtExpense": "4240000",
            "netIncomeFromContinuingOperations": "101514000",
            "comprehensiveIncomeNetOfTax": "89519000",
            "ebit": "120948000",
            "ebitda": "123822000",
            "netIncome": "101514000"
        },
        {
            "fiscalDateEnding": "2019-06-30",
            "reportedCurrency": "USD",
            "grossProfit": "421982000",
            "totalRevenue": "575443000",
            "costOfRevenue": "153461000",
            "costofGoodsAndServicesSold": "11299000",
            "operatingIncome": "133675000",
            "sellingGeneralAndAdministrative": "150615000",
            "researchAndDevelopment": "231814000",
            "operatingExpenses": "385275000",
            "investmentIncomeNet": "None",
            "netInterestIncome": "-4976000",
            "interestIncome": "None",
            "interestExpense": "4976000",
            "nonInterestIncome": "580419000",
            "otherNonOperatingIncome": "-110000",
            "depreciation": "None",
            "depreciationAndAmortization": "3159000",
            "incomeBeforeTax": "128589000",
            "incomeTaxExpense": "21354000",
            "interestAndDebtExpense": "4976000",
            "netIncomeFromContinuingOperations": "107235000",
            "comprehensiveIncomeNetOfTax": "105313000",
            "ebit": "133565000",
            "ebitda": "136724000",
            "netIncome": "107235000"
        },
        {
            "fiscalDateEnding": "2019-03-31",
            "reportedCurrency": "USD",
            "grossProfit": "421800000",
            "totalRevenue": "571351000",
            "costOfRevenue": "149551000",
            "costofGoodsAndServicesSold": "9854000",
            "operatingIncome": "128396000",
            "sellingGeneralAndAdministrative": "146932000",
            "researchAndDevelopment": "228210000",
            "operatingExpenses": "377578000",
            "investmentIncomeNet": "None",
            "netInterestIncome": "-5391000",
            "interestIncome": "None",
            "interestExpense": "5391000",
            "nonInterestIncome": "576742000",
            "otherNonOperatingIncome": "5241000",
            "depreciation": "None",
            "depreciationAndAmortization": "3308000",
            "incomeBeforeTax": "128246000",
            "incomeTaxExpense": "7691000",
            "interestAndDebtExpense": "5391000",
            "netIncomeFromContinuingOperations": "120555000",
            "comprehensiveIncomeNetOfTax": "119260000",
            "ebit": "133637000",
            "ebitda": "136945000",
            "netIncome": "120555000"
        },
        {
            "fiscalDateEnding": "2018-12-31",
            "reportedCurrency": "USD",
            "grossProfit": "401510000",
            "totalRevenue": "563275000",
            "costOfRevenue": "161765000",
            "costofGoodsAndServicesSold": "9474000",
            "operatingIncome": "113690000",
            "sellingGeneralAndAdministrative": "144598000",
            "researchAndDevelopment": "218271000",
            "operatingExpenses": "380348000",
            "investmentIncomeNet": "None",
            "netInterestIncome": "-4318000",
            "interestIncome": "None",
            "interestExpense": "4318000",
            "nonInterestIncome": "564293000",
            "otherNonOperatingIncome": "-735000",
            "depreciation": "None",
            "depreciationAndAmortization": "3468000",
            "incomeBeforeTax": "108637000",
            "incomeTaxExpense": "10212000",
            "interestAndDebtExpense": "4318000",
            "netIncomeFromContinuingOperations": "98425000",
            "comprehensiveIncomeNetOfTax": "95996000",
            "ebit": "112955000",
            "ebitda": "116423000",
            "netIncome": "98425000"
        },
        {
            "fiscalDateEnding": "2018-09-30",
            "reportedCurrency": "USD",
            "grossProfit": "382138000",
            "totalRevenue": "527291000",
            "costOfRevenue": "145153000",
            "costofGoodsAndServicesSold": "9505000",
            "operatingIncome": "103630000",
            "sellingGeneralAndAdministrative": "141855000",
            "researchAndDevelopment": "223231000",
            "operatingExpenses": "368384000",
            "investmentIncomeNet": "None",
            "netInterestIncome": "-5177000",
            "interestIncome": "None",
            "interestExpense": "5177000",
            "nonInterestIncome": "532468000",
            "otherNonOperatingIncome": "1106000",
            "depreciation": "None",
            "depreciationAndAmortization": "3470000",
            "incomeBeforeTax": "99559000",
            "incomeTaxExpense": "241000",
            "interestAndDebtExpense": "5177000",
            "netIncomeFromContinuingOperations": "99318000",
            "comprehensiveIncomeNetOfTax": "90139000",
            "ebit": "104736000",
            "ebitda": "108206000",
            "netIncome": "99318000"
        },
        {
            "fiscalDateEnding": "2018-06-30",
            "reportedCurrency": "USD",
            "grossProfit": "345643000",
            "totalRevenue": "511722000",
            "costOfRevenue": "166079000",
            "costofGoodsAndServicesSold": "18833000",
            "operatingIncome": "93056000",
            "sellingGeneralAndAdministrative": "144175000",
            "researchAndDevelopment": "219129000",
            "operatingExpenses": "366375000",
            "investmentIncomeNet": "None",
            "netInterestIncome": "-6669000",
            "interestIncome": "None",
            "interestExpense": "6669000",
            "nonInterestIncome": "518391000",
            "otherNonOperatingIncome": "3638000",
            "depreciation": "None",
            "depreciationAndAmortization": "3518000",
            "incomeBeforeTax": "90025000",
            "incomeTaxExpense": "14876000",
            "interestAndDebtExpense": "6669000",
            "netIncomeFromContinuingOperations": "75149000",
            "comprehensiveIncomeNetOfTax": "56037000",
            "ebit": "96694000",
            "ebitda": "100212000",
            "netIncome": "75149000"
        },
        {
            "fiscalDateEnding": "2018-03-31",
            "reportedCurrency": "USD",
            "grossProfit": "344773000",
            "totalRevenue": "510338000",
            "costOfRevenue": "165565000",
            "costofGoodsAndServicesSold": "21479000",
            "operatingIncome": "85833000",
            "sellingGeneralAndAdministrative": "142447000",
            "researchAndDevelopment": "224185000",
            "operatingExpenses": "368937000",
            "investmentIncomeNet": "None",
            "netInterestIncome": "-6975000",
            "interestIncome": "None",
            "interestExpense": "6975000",
            "nonInterestIncome": "517313000",
            "otherNonOperatingIncome": "-689000",
            "depreciation": "None",
            "depreciationAndAmortization": "3630000",
            "incomeBeforeTax": "78169000",
            "incomeTaxExpense": "5284000",
            "interestAndDebtExpense": "6975000",
            "netIncomeFromContinuingOperations": "72885000",
            "comprehensiveIncomeNetOfTax": "85093000",
            "ebit": "85144000",
            "ebitda": "88774000",
            "netIncome": "72885000"
        }
    ]
}