{
    "symbol": "CMS",
    "annualReports": [
        {
            "fiscalDateEnding": "2022-12-31",
            "reportedCurrency": "USD",
            "grossProfit": "7239000000",
            "totalRevenue": "8596000000",
            "costOfRevenue": "1357000000",
            "costofGoodsAndServicesSold": "905000000",
            "operatingIncome": "1224000000",
            "sellingGeneralAndAdministrative": "412000000",
            "researchAndDevelopment": "None",
            "operatingExpenses": "2171000000",
            "investmentIncomeNet": "None",
            "netInterestIncome": "-519000000",
            "interestIncome": "519000000",
            "interestExpense": "519000000",
            "nonInterestIncome": "8320000000",
            "otherNonOperatingIncome": "-8000000",
            "depreciation": "990000000",
            "depreciationAndAmortization": "12000000",
            "incomeBeforeTax": "930000000",
            "incomeTaxExpense": "93000000",
            "interestAndDebtExpense": "519000000",
            "netIncomeFromContinuingOperations": "823000000",
            "comprehensiveIncomeNetOfTax": "844000000",
            "ebit": "1449000000",
            "ebitda": "1461000000",
            "netIncome": "837000000"
        },
        {
            "fiscalDateEnding": "2021-12-31",
            "reportedCurrency": "USD",
            "grossProfit": "6316000000",
            "totalRevenue": "7329000000",
            "costOfRevenue": "1013000000",
            "costofGoodsAndServicesSold": "593000000",
            "operatingIncome": "1146000000",
            "sellingGeneralAndAdministrative": "389000000",
            "researchAndDevelopment": "None",
            "operatingExpenses": "2052000000",
            "investmentIncomeNet": "3000000",
            "netInterestIncome": "-500000000",
            "interestIncome": "500000000",
            "interestExpense": "500000000",
            "nonInterestIncome": "7075000000",
            "otherNonOperatingIncome": "-9000000",
            "depreciation": "975000000",
            "depreciationAndAmortization": "7000000",
            "incomeBeforeTax": "1448000000",
            "incomeTaxExpense": "95000000",
            "interestAndDebtExpense": "500000000",
            "netIncomeFromContinuingOperations": "746000000",
            "comprehensiveIncomeNetOfTax": "1380000000",
            "ebit": "1948000000",
            "ebitda": "1955000000",
            "netIncome": "1353000000"
        },
        {
            "fiscalDateEnding": "2020-12-31",
            "reportedCurrency": "USD",
            "grossProfit": "5856000000",
            "totalRevenue": "6418000000",
            "costOfRevenue": "824000000",
            "costofGoodsAndServicesSold": "375000000",
            "operatingIncome": "1230000000",
            "sellingGeneralAndAdministrative": "359000000",
            "researchAndDevelopment": "None",
            "operatingExpenses": "1882000000",
            "investmentIncomeNet": "4000000",
            "netInterestIncome": "-561000000",
            "interestIncome": "-56000000",
            "interestExpense": "505000000",
            "nonInterestIncome": "6222000000",
            "otherNonOperatingIncome": "-56000000",
            "depreciation": "901000000",
            "depreciationAndAmortization": "6000000",
            "incomeBeforeTax": "870000000",
            "incomeTaxExpense": "115000000",
            "interestAndDebtExpense": "577000000",
            "netIncomeFromContinuingOperations": "697000000",
            "comprehensiveIncomeNetOfTax": "742000000",
            "ebit": "1375000000",
            "ebitda": "1381000000",
            "netIncome": "755000000"
        },
        {
            "fiscalDateEnding": "2019-12-31",
            "reportedCurrency": "USD",
            "grossProfit": "5954000000",
            "totalRevenue": "6624000000",
            "costOfRevenue": "891000000",
            "costofGoodsAndServicesSold": "493000000",
            "operatingIncome": "1115000000",
            "sellingGeneralAndAdministrative": "333000000",
            "researchAndDevelopment": "None",
            "operatingExpenses": "1875000000",
            "investmentIncomeNet": "7000000",
            "netInterestIncome": "-519000000",
            "interestIncome": "-59000000",
            "interestExpense": "460000000",
            "nonInterestIncome": "6403000000",
            "otherNonOperatingIncome": "-9000000",
            "depreciation": "841000000",
            "depreciationAndAmortization": "6000000",
            "incomeBeforeTax": "811000000",
            "incomeTaxExpense": "131000000",
            "interestAndDebtExpense": "519000000",
            "netIncomeFromContinuingOperations": "631000000",
            "comprehensiveIncomeNetOfTax": "672000000",
            "ebit": "1271000000",
            "ebitda": "1277000000",
            "netIncome": "680000000"
        },
        {
            "fiscalDateEnding": "2018-12-31",
            "reportedCurrency": "USD",
            "grossProfit": "5995000000",
            "totalRevenue": "6873000000",
            "costOfRevenue": "878000000",
            "costofGoodsAndServicesSold": "528000000",
            "operatingIncome": "1162000000",
            "sellingGeneralAndAdministrative": "303000000",
            "researchAndDevelopment": "None",
            "operatingExpenses": "1796000000",
            "investmentIncomeNet": "11000000",
            "netInterestIncome": "-458000000",
            "interestIncome": "11000000",
            "interestExpense": "458000000",
            "nonInterestIncome": "6646000000",
            "otherNonOperatingIncome": "-46000000",
            "depreciation": "778000000",
            "depreciationAndAmortization": "933000000",
            "incomeBeforeTax": "772000000",
            "incomeTaxExpense": "115000000",
            "interestAndDebtExpense": "474000000",
            "netIncomeFromContinuingOperations": "659000000",
            "comprehensiveIncomeNetOfTax": "653000000",
            "ebit": "1230000000",
            "ebitda": "2163000000",
            "netIncome": "657000000"
        }
    ],
    "quarterlyReports": [
        {
            "fiscalDateEnding": "2022-12-31",
            "reportedCurrency": "USD",
            "grossProfit": "1969000000",
            "totalRevenue": "2278000000",
            "costOfRevenue": "309000000",
            "costofGoodsAndServicesSold": "185000000",
            "operatingIncome": "271000000",
            "sellingGeneralAndAdministrative": "104000000",
            "researchAndDevelopment": "None",
            "operatingExpenses": "704000000",
            "investmentIncomeNet": "None",
            "netInterestIncome": "-139000000",
            "interestIncome": "139000000",
            "interestExpense": "139000000",
            "nonInterestIncome": "2205000000",
            "otherNonOperatingIncome": "9000000",
            "depreciation": "None",
            "depreciationAndAmortization": "286000000",
            "incomeBeforeTax": "192000000",
            "incomeTaxExpense": "21000000",
            "interestAndDebtExpense": "139000000",
            "netIncomeFromContinuingOperations": "168000000",
            "comprehensiveIncomeNetOfTax": "171000000",
            "ebit": "331000000",
            "ebitda": "100000000",
            "netIncome": "171000000"
        },
        {
            "fiscalDateEnding": "2022-09-30",
            "reportedCurrency": "USD",
            "grossProfit": "1625000000",
            "totalRevenue": "2024000000",
            "costOfRevenue": "399000000",
            "costofGoodsAndServicesSold": "312000000",
            "operatingIncome": "258000000",
            "sellingGeneralAndAdministrative": "87000000",
            "researchAndDevelopment": "None",
            "operatingExpenses": "500000000",
            "investmentIncomeNet": "1000000",
            "netInterestIncome": "-130000000",
            "interestIncome": "128000000",
            "interestExpense": "130000000",
            "nonInterestIncome": "1955000000",
            "otherNonOperatingIncome": "-3000000",
            "depreciation": "None",
            "depreciationAndAmortization": "215000000",
            "incomeBeforeTax": "184000000",
            "incomeTaxExpense": "19000000",
            "interestAndDebtExpense": "130000000",
            "netIncomeFromContinuingOperations": "163000000",
            "comprehensiveIncomeNetOfTax": "165000000",
            "ebit": "314000000",
            "ebitda": "529000000",
            "netIncome": "165000000"
        },
        {
            "fiscalDateEnding": "2022-06-30",
            "reportedCurrency": "USD",
            "grossProfit": "1590000000",
            "totalRevenue": "1920000000",
            "costOfRevenue": "330000000",
            "costofGoodsAndServicesSold": "241000000",
            "operatingIncome": "239000000",
            "sellingGeneralAndAdministrative": "89000000",
            "researchAndDevelopment": "None",
            "operatingExpenses": "481000000",
            "investmentIncomeNet": "1000000",
            "netInterestIncome": "-126000000",
            "interestIncome": "1000000",
            "interestExpense": "126000000",
            "nonInterestIncome": "1842000000",
            "otherNonOperatingIncome": "-11000000",
            "depreciation": "None",
            "depreciationAndAmortization": "242000000",
            "incomeBeforeTax": "162000000",
            "incomeTaxExpense": "14000000",
            "interestAndDebtExpense": "126000000",
            "netIncomeFromContinuingOperations": "145000000",
            "comprehensiveIncomeNetOfTax": "150000000",
            "ebit": "288000000",
            "ebitda": "530000000",
            "netIncome": "148000000"
        },
        {
            "fiscalDateEnding": "2022-03-31",
            "reportedCurrency": "USD",
            "grossProfit": "2075000000",
            "totalRevenue": "2374000000",
            "costOfRevenue": "299000000",
            "costofGoodsAndServicesSold": "167000000",
            "operatingIncome": "456000000",
            "sellingGeneralAndAdministrative": "132000000",
            "researchAndDevelopment": "None",
            "operatingExpenses": "466000000",
            "investmentIncomeNet": "1000000",
            "netInterestIncome": "-124000000",
            "interestIncome": "1000000",
            "interestExpense": "124000000",
            "nonInterestIncome": "2318000000",
            "otherNonOperatingIncome": "-3000000",
            "depreciation": "None",
            "depreciationAndAmortization": "345000000",
            "incomeBeforeTax": "392000000",
            "incomeTaxExpense": "39000000",
            "interestAndDebtExpense": "124000000",
            "netIncomeFromContinuingOperations": "347000000",
            "comprehensiveIncomeNetOfTax": "358000000",
            "ebit": "516000000",
            "ebitda": "861000000",
            "netIncome": "353000000"
        },
        {
            "fiscalDateEnding": "2021-12-31",
            "reportedCurrency": "USD",
            "grossProfit": "2033000000",
            "totalRevenue": "2033000000",
            "costOfRevenue": "285000000",
            "costofGoodsAndServicesSold": "155000000",
            "operatingIncome": "204000000",
            "sellingGeneralAndAdministrative": "99000000",
            "researchAndDevelopment": "None",
            "operatingExpenses": "686000000",
            "investmentIncomeNet": "1000000",
            "netInterestIncome": "-126000000",
            "interestIncome": "126000000",
            "interestExpense": "126000000",
            "nonInterestIncome": "1927000000",
            "otherNonOperatingIncome": "-9000000",
            "depreciation": "None",
            "depreciationAndAmortization": "282000000",
            "incomeBeforeTax": "644000000",
            "incomeTaxExpense": "5000000",
            "interestAndDebtExpense": "126000000",
            "netIncomeFromContinuingOperations": "117000000",
            "comprehensiveIncomeNetOfTax": "661000000",
            "ebit": "770000000",
            "ebitda": "1052000000",
            "netIncome": "639000000"
        },
        {
            "fiscalDateEnding": "2021-09-30",
            "reportedCurrency": "USD",
            "grossProfit": "1460000000",
            "totalRevenue": "1725000000",
            "costOfRevenue": "265000000",
            "costofGoodsAndServicesSold": "184000000",
            "operatingIncome": "260000000",
            "sellingGeneralAndAdministrative": "81000000",
            "researchAndDevelopment": "None",
            "operatingExpenses": "491000000",
            "investmentIncomeNet": "0",
            "netInterestIncome": "-125000000",
            "interestIncome": "121000000",
            "interestExpense": "125000000",
            "nonInterestIncome": "1671000000",
            "otherNonOperatingIncome": "-2000000",
            "depreciation": "None",
            "depreciationAndAmortization": "250000000",
            "incomeBeforeTax": "215000000",
            "incomeTaxExpense": "26000000",
            "interestAndDebtExpense": "125000000",
            "netIncomeFromContinuingOperations": "156000000",
            "comprehensiveIncomeNetOfTax": "190000000",
            "ebit": "340000000",
            "ebitda": "590000000",
            "netIncome": "189000000"
        },
        {
            "fiscalDateEnding": "2021-06-30",
            "reportedCurrency": "USD",
            "grossProfit": "1355000000",
            "totalRevenue": "1558000000",
            "costOfRevenue": "203000000",
            "costofGoodsAndServicesSold": "116000000",
            "operatingIncome": "252000000",
            "sellingGeneralAndAdministrative": "87000000",
            "researchAndDevelopment": "None",
            "operatingExpenses": "442000000",
            "investmentIncomeNet": "1000000",
            "netInterestIncome": "-125000000",
            "interestIncome": "1000000",
            "interestExpense": "125000000",
            "nonInterestIncome": "1515000000",
            "otherNonOperatingIncome": "3000000",
            "depreciation": "None",
            "depreciationAndAmortization": "242000000",
            "incomeBeforeTax": "198000000",
            "incomeTaxExpense": "22000000",
            "interestAndDebtExpense": "125000000",
            "netIncomeFromContinuingOperations": "158000000",
            "comprehensiveIncomeNetOfTax": "178000000",
            "ebit": "323000000",
            "ebitda": "565000000",
            "netIncome": "176000000"
        },
        {
            "fiscalDateEnding": "2021-03-31",
            "reportedCurrency": "USD",
            "grossProfit": "1817000000",
            "totalRevenue": "2013000000",
            "costOfRevenue": "266000000",
            "costofGoodsAndServicesSold": "138000000",
            "operatingIncome": "430000000",
            "sellingGeneralAndAdministrative": "123000000",
            "researchAndDevelopment": "None",
            "operatingExpenses": "446000000",
            "investmentIncomeNet": "1000000",
            "netInterestIncome": "-136000000",
            "interestIncome": "-12000000",
            "interestExpense": "124000000",
            "nonInterestIncome": "1962000000",
            "otherNonOperatingIncome": "-1000000",
            "depreciation": "None",
            "depreciationAndAmortization": "340000000",
            "incomeBeforeTax": "391000000",
            "incomeTaxExpense": "42000000",
            "interestAndDebtExpense": "136000000",
            "netIncomeFromContinuingOperations": "315000000",
            "comprehensiveIncomeNetOfTax": "351000000",
            "ebit": "515000000",
            "ebitda": "876000000",
            "netIncome": "349000000"
        },
        {
            "fiscalDateEnding": "2020-12-31",
            "reportedCurrency": "USD",
            "grossProfit": "1798000000",
            "totalRevenue": "1727000000",
            "costOfRevenue": "286000000",
            "costofGoodsAndServicesSold": "101000000",
            "operatingIncome": "307000000",
            "sellingGeneralAndAdministrative": "95000000",
            "researchAndDevelopment": "None",
            "operatingExpenses": "617000000",
            "investmentIncomeNet": "1000000",
            "netInterestIncome": "-140000000",
            "interestIncome": "-13000000",
            "interestExpense": "127000000",
            "nonInterestIncome": "1653000000",
            "otherNonOperatingIncome": "-50000000",
            "depreciation": "None",
            "depreciationAndAmortization": "281000000",
            "incomeBeforeTax": "185000000",
            "incomeTaxExpense": "27000000",
            "interestAndDebtExpense": "156000000",
            "netIncomeFromContinuingOperations": "134000000",
            "comprehensiveIncomeNetOfTax": "151000000",
            "ebit": "312000000",
            "ebitda": "614000000",
            "netIncome": "158000000"
        },
        {
            "fiscalDateEnding": "2020-09-30",
            "reportedCurrency": "USD",
            "grossProfit": "1392000000",
            "totalRevenue": "1507000000",
            "costOfRevenue": "183000000",
            "costofGoodsAndServicesSold": "108000000",
            "operatingIncome": "340000000",
            "sellingGeneralAndAdministrative": "75000000",
            "researchAndDevelopment": "None",
            "operatingExpenses": "397000000",
            "investmentIncomeNet": "1000000",
            "netInterestIncome": "-143000000",
            "interestIncome": "-13000000",
            "interestExpense": "130000000",
            "nonInterestIncome": "1468000000",
            "otherNonOperatingIncome": "-3000000",
            "depreciation": "None",
            "depreciationAndAmortization": "228000000",
            "incomeBeforeTax": "258000000",
            "incomeTaxExpense": "40000000",
            "interestAndDebtExpense": "143000000",
            "netIncomeFromContinuingOperations": "206000000",
            "comprehensiveIncomeNetOfTax": "215000000",
            "ebit": "388000000",
            "ebitda": "633000000",
            "netIncome": "218000000"
        },
        {
            "fiscalDateEnding": "2020-06-30",
            "reportedCurrency": "USD",
            "grossProfit": "1305000000",
            "totalRevenue": "1382000000",
            "costOfRevenue": "138000000",
            "costofGoodsAndServicesSold": "63000000",
            "operatingIncome": "248000000",
            "sellingGeneralAndAdministrative": "75000000",
            "researchAndDevelopment": "None",
            "operatingExpenses": "434000000",
            "investmentIncomeNet": "1000000",
            "netInterestIncome": "-141000000",
            "interestIncome": "-14000000",
            "interestExpense": "127000000",
            "nonInterestIncome": "1343000000",
            "otherNonOperatingIncome": "1000000",
            "depreciation": "None",
            "depreciationAndAmortization": "223000000",
            "incomeBeforeTax": "160000000",
            "incomeTaxExpense": "24000000",
            "interestAndDebtExpense": "141000000",
            "netIncomeFromContinuingOperations": "128000000",
            "comprehensiveIncomeNetOfTax": "136000000",
            "ebit": "287000000",
            "ebitda": "527000000",
            "netIncome": "136000000"
        },
        {
            "fiscalDateEnding": "2020-03-31",
            "reportedCurrency": "USD",
            "grossProfit": "1634000000",
            "totalRevenue": "1802000000",
            "costOfRevenue": "230000000",
            "costofGoodsAndServicesSold": "103000000",
            "operatingIncome": "335000000",
            "sellingGeneralAndAdministrative": "114000000",
            "researchAndDevelopment": "None",
            "operatingExpenses": "434000000",
            "investmentIncomeNet": "1000000",
            "netInterestIncome": "-137000000",
            "interestIncome": "8000000",
            "interestExpense": "137000000",
            "nonInterestIncome": "1758000000",
            "otherNonOperatingIncome": "-4000000",
            "depreciation": "None",
            "depreciationAndAmortization": "316000000",
            "incomeBeforeTax": "270000000",
            "incomeTaxExpense": "27000000",
            "interestAndDebtExpense": "137000000",
            "netIncomeFromContinuingOperations": "229000000",
            "comprehensiveIncomeNetOfTax": "240000000",
            "ebit": "407000000",
            "ebitda": "723000000",
            "netIncome": "243000000"
        },
        {
            "fiscalDateEnding": "2019-12-31",
            "reportedCurrency": "USD",
            "grossProfit": "1795000000",
            "totalRevenue": "1795000000",
            "costOfRevenue": "247000000",
            "costofGoodsAndServicesSold": "102000000",
            "operatingIncome": "311000000",
            "sellingGeneralAndAdministrative": "86000000",
            "researchAndDevelopment": "None",
            "operatingExpenses": "591000000",
            "investmentIncomeNet": "2000000",
            "netInterestIncome": "-134000000",
            "interestIncome": "-59000000",
            "interestExpense": "75000000",
            "nonInterestIncome": "1657000000",
            "otherNonOperatingIncome": "-4000000",
            "depreciation": "None",
            "depreciationAndAmortization": "0",
            "incomeBeforeTax": "188000000",
            "incomeTaxExpense": "21000000",
            "interestAndDebtExpense": "134000000",
            "netIncomeFromContinuingOperations": "117000000",
            "comprehensiveIncomeNetOfTax": "161000000",
            "ebit": "263000000",
            "ebitda": "263000000",
            "netIncome": "167000000"
        },
        {
            "fiscalDateEnding": "2019-09-30",
            "reportedCurrency": "USD",
            "grossProfit": "1344000000",
            "totalRevenue": "1546000000",
            "costOfRevenue": "202000000",
            "costofGoodsAndServicesSold": "130000000",
            "operatingIncome": "351000000",
            "sellingGeneralAndAdministrative": "70000000",
            "researchAndDevelopment": "None",
            "operatingExpenses": "394000000",
            "investmentIncomeNet": "2000000",
            "netInterestIncome": "-133000000",
            "interestIncome": "2000000",
            "interestExpense": "133000000",
            "nonInterestIncome": "1442000000",
            "otherNonOperatingIncome": "0",
            "depreciation": "None",
            "depreciationAndAmortization": "2000000",
            "incomeBeforeTax": "249000000",
            "incomeTaxExpense": "42000000",
            "interestAndDebtExpense": "133000000",
            "netIncomeFromContinuingOperations": "207000000",
            "comprehensiveIncomeNetOfTax": "207000000",
            "ebit": "382000000",
            "ebitda": "384000000",
            "netIncome": "207000000"
        },
        {
            "fiscalDateEnding": "2019-06-30",
            "reportedCurrency": "USD",
            "grossProfit": "1253000000",
            "totalRevenue": "1445000000",
            "costOfRevenue": "192000000",
            "costofGoodsAndServicesSold": "119000000",
            "operatingIncome": "218000000",
            "sellingGeneralAndAdministrative": "71000000",
            "researchAndDevelopment": "None",
            "operatingExpenses": "422000000",
            "investmentIncomeNet": "2000000",
            "netInterestIncome": "-131000000",
            "interestIncome": "2000000",
            "interestExpense": "131000000",
            "nonInterestIncome": "1347000000",
            "otherNonOperatingIncome": "-3000000",
            "depreciation": "None",
            "depreciationAndAmortization": "2000000",
            "incomeBeforeTax": "113000000",
            "incomeTaxExpense": "20000000",
            "interestAndDebtExpense": "131000000",
            "netIncomeFromContinuingOperations": "94000000",
            "comprehensiveIncomeNetOfTax": "92000000",
            "ebit": "244000000",
            "ebitda": "246000000",
            "netIncome": "93000000"
        },
        {
            "fiscalDateEnding": "2019-03-31",
            "reportedCurrency": "USD",
            "grossProfit": "1811000000",
            "totalRevenue": "2059000000",
            "costOfRevenue": "248000000",
            "costofGoodsAndServicesSold": "142000000",
            "operatingIncome": "359000000",
            "sellingGeneralAndAdministrative": "106000000",
            "researchAndDevelopment": "None",
            "operatingExpenses": "466000000",
            "investmentIncomeNet": "1000000",
            "netInterestIncome": "-121000000",
            "interestIncome": "121000000",
            "interestExpense": "121000000",
            "nonInterestIncome": "1957000000",
            "otherNonOperatingIncome": "-2000000",
            "depreciation": "None",
            "depreciationAndAmortization": "2000000",
            "incomeBeforeTax": "261000000",
            "incomeTaxExpense": "48000000",
            "interestAndDebtExpense": "121000000",
            "netIncomeFromContinuingOperations": "213000000",
            "comprehensiveIncomeNetOfTax": "212000000",
            "ebit": "382000000",
            "ebitda": "384000000",
            "netIncome": "213000000"
        },
        {
            "fiscalDateEnding": "2018-12-31",
            "reportedCurrency": "USD",
            "grossProfit": "1829000000",
            "totalRevenue": "1829000000",
            "costOfRevenue": "259000000",
            "costofGoodsAndServicesSold": "131000000",
            "operatingIncome": "250000000",
            "sellingGeneralAndAdministrative": "81000000",
            "researchAndDevelopment": "None",
            "operatingExpenses": "550000000",
            "investmentIncomeNet": "3000000",
            "netInterestIncome": "-121000000",
            "interestIncome": "None",
            "interestExpense": "121000000",
            "nonInterestIncome": "1729000000",
            "otherNonOperatingIncome": "-33000000",
            "depreciation": "None",
            "depreciationAndAmortization": "244000000",
            "incomeBeforeTax": "125000000",
            "incomeTaxExpense": "17000000",
            "interestAndDebtExpense": "137000000",
            "netIncomeFromContinuingOperations": "250000000",
            "comprehensiveIncomeNetOfTax": "102000000",
            "ebit": "246000000",
            "ebitda": "490000000",
            "netIncome": "108000000"
        },
        {
            "fiscalDateEnding": "2018-09-30",
            "reportedCurrency": "USD",
            "grossProfit": "1382000000",
            "totalRevenue": "1599000000",
            "costOfRevenue": "217000000",
            "costofGoodsAndServicesSold": "150000000",
            "operatingIncome": "294000000",
            "sellingGeneralAndAdministrative": "67000000",
            "researchAndDevelopment": "None",
            "operatingExpenses": "433000000",
            "investmentIncomeNet": "2000000",
            "netInterestIncome": "-114000000",
            "interestIncome": "None",
            "interestExpense": "114000000",
            "nonInterestIncome": "1555000000",
            "otherNonOperatingIncome": "-3000000",
            "depreciation": "None",
            "depreciationAndAmortization": "206000000",
            "incomeBeforeTax": "202000000",
            "incomeTaxExpense": "33000000",
            "interestAndDebtExpense": "114000000",
            "netIncomeFromContinuingOperations": "169000000",
            "comprehensiveIncomeNetOfTax": "171000000",
            "ebit": "316000000",
            "ebitda": "522000000",
            "netIncome": "169000000"
        },
        {
            "fiscalDateEnding": "2018-06-30",
            "reportedCurrency": "USD",
            "grossProfit": "1197000000",
            "totalRevenue": "1492000000",
            "costOfRevenue": "295000000",
            "costofGoodsAndServicesSold": "227000000",
            "operatingIncome": "255000000",
            "sellingGeneralAndAdministrative": "68000000",
            "researchAndDevelopment": "None",
            "operatingExpenses": "394000000",
            "investmentIncomeNet": "4000000",
            "netInterestIncome": "-112000000",
            "interestIncome": "None",
            "interestExpense": "112000000",
            "nonInterestIncome": "1450000000",
            "otherNonOperatingIncome": "-9000000",
            "depreciation": "None",
            "depreciationAndAmortization": "204000000",
            "incomeBeforeTax": "164000000",
            "incomeTaxExpense": "25000000",
            "interestAndDebtExpense": "112000000",
            "netIncomeFromContinuingOperations": "140000000",
            "comprehensiveIncomeNetOfTax": "139000000",
            "ebit": "276000000",
            "ebitda": "480000000",
            "netIncome": "139000000"
        },
        {
            "fiscalDateEnding": "2018-03-31",
            "reportedCurrency": "USD",
            "grossProfit": "1353000000",
            "totalRevenue": "1953000000",
            "costOfRevenue": "600000000",
            "costofGoodsAndServicesSold": "513000000",
            "operatingIncome": "363000000",
            "sellingGeneralAndAdministrative": "87000000",
            "researchAndDevelopment": "None",
            "operatingExpenses": "404000000",
            "investmentIncomeNet": "2000000",
            "netInterestIncome": "-111000000",
            "interestIncome": "None",
            "interestExpense": "111000000",
            "nonInterestIncome": "1912000000",
            "otherNonOperatingIncome": "-1000000",
            "depreciation": "None",
            "depreciationAndAmortization": "279000000",
            "incomeBeforeTax": "281000000",
            "incomeTaxExpense": "40000000",
            "interestAndDebtExpense": "111000000",
            "netIncomeFromContinuingOperations": "241000000",
            "comprehensiveIncomeNetOfTax": "241000000",
            "ebit": "392000000",
            "ebitda": "671000000",
            "netIncome": "241000000"
        }
    ]
}