{
    "symbol": "CTLT",
    "annualReports": [
        {
            "fiscalDateEnding": "2022-06-30",
            "reportedCurrency": "USD",
            "grossProfit": "1640000000",
            "totalRevenue": "4828000000",
            "costOfRevenue": "3188000000",
            "costofGoodsAndServicesSold": "3188000000",
            "operatingIncome": "756000000",
            "sellingGeneralAndAdministrative": "844000000",
            "researchAndDevelopment": "23000000",
            "operatingExpenses": "1296000000",
            "investmentIncomeNet": "None",
            "netInterestIncome": "-123000000",
            "interestIncome": "-85000000",
            "interestExpense": "38000000",
            "nonInterestIncome": "-38000000",
            "otherNonOperatingIncome": "9000000",
            "depreciation": "255000000",
            "depreciationAndAmortization": "378000000",
            "incomeBeforeTax": "605000000",
            "incomeTaxExpense": "86000000",
            "interestAndDebtExpense": "35000000",
            "netIncomeFromContinuingOperations": "519000000",
            "comprehensiveIncomeNetOfTax": "442000000",
            "ebit": "756000000",
            "ebitda": "1021000000",
            "netIncome": "519000000"
        },
        {
            "fiscalDateEnding": "2021-06-30",
            "reportedCurrency": "USD",
            "grossProfit": "1352000000",
            "totalRevenue": "3998000000",
            "costOfRevenue": "2646000000",
            "costofGoodsAndServicesSold": "2646000000",
            "operatingIncome": "828000000",
            "sellingGeneralAndAdministrative": "687000000",
            "researchAndDevelopment": "21000000",
            "operatingExpenses": "1026000000",
            "investmentIncomeNet": "None",
            "netInterestIncome": "-110000000",
            "interestIncome": "-58000000",
            "interestExpense": "52000000",
            "nonInterestIncome": "4000000",
            "otherNonOperatingIncome": "20000000",
            "depreciation": "196000000",
            "depreciationAndAmortization": "289000000",
            "incomeBeforeTax": "715000000",
            "incomeTaxExpense": "130000000",
            "interestAndDebtExpense": "49000000",
            "netIncomeFromContinuingOperations": "585000000",
            "comprehensiveIncomeNetOfTax": "654000000",
            "ebit": "828000000",
            "ebitda": "1056000000",
            "netIncome": "585000000"
        },
        {
            "fiscalDateEnding": "2020-06-30",
            "reportedCurrency": "USD",
            "grossProfit": "983000000",
            "totalRevenue": "3094000000",
            "costOfRevenue": "2111000000",
            "costofGoodsAndServicesSold": "2111000000",
            "operatingIncome": "394000000",
            "sellingGeneralAndAdministrative": "577000000",
            "researchAndDevelopment": "21000000",
            "operatingExpenses": "841300000",
            "investmentIncomeNet": "None",
            "netInterestIncome": "-126000000",
            "interestIncome": "-102000000",
            "interestExpense": "24000000",
            "nonInterestIncome": "-1700000",
            "otherNonOperatingIncome": "5000000",
            "depreciation": "165000000",
            "depreciationAndAmortization": "254000000",
            "incomeBeforeTax": "260000000",
            "incomeTaxExpense": "39000000",
            "interestAndDebtExpense": "30000000",
            "netIncomeFromContinuingOperations": "220700000",
            "comprehensiveIncomeNetOfTax": "188300000",
            "ebit": "394000000",
            "ebitda": "538000000",
            "netIncome": "221000000"
        },
        {
            "fiscalDateEnding": "2019-06-30",
            "reportedCurrency": "USD",
            "grossProfit": "805000000",
            "totalRevenue": "2518000000",
            "costOfRevenue": "1713000000",
            "costofGoodsAndServicesSold": "1713000000",
            "operatingIncome": "274000000",
            "sellingGeneralAndAdministrative": "512000000",
            "researchAndDevelopment": "19000000",
            "operatingExpenses": "757800000",
            "investmentIncomeNet": "None",
            "netInterestIncome": "-111000000",
            "interestIncome": "-101800000",
            "interestExpense": "9200000",
            "nonInterestIncome": "8100000",
            "otherNonOperatingIncome": "13000000",
            "depreciation": "141000000",
            "depreciationAndAmortization": "229000000",
            "incomeBeforeTax": "160000000",
            "incomeTaxExpense": "23000000",
            "interestAndDebtExpense": "9200000",
            "netIncomeFromContinuingOperations": "137400000",
            "comprehensiveIncomeNetOfTax": "109300000",
            "ebit": "274000000",
            "ebitda": "398200000",
            "netIncome": "137000000"
        },
        {
            "fiscalDateEnding": "2018-06-30",
            "reportedCurrency": "USD",
            "grossProfit": "752600000",
            "totalRevenue": "2463400000",
            "costOfRevenue": "1710800000",
            "costofGoodsAndServicesSold": "1710800000",
            "operatingIncome": "268900000",
            "sellingGeneralAndAdministrative": "464800000",
            "researchAndDevelopment": "6300000",
            "operatingExpenses": "666700000",
            "investmentIncomeNet": "None",
            "netInterestIncome": "-111400000",
            "interestIncome": "-97100000",
            "interestExpense": "14300000",
            "nonInterestIncome": "-9100000",
            "otherNonOperatingIncome": "1700000",
            "depreciation": "127500000",
            "depreciationAndAmortization": "190100000",
            "incomeBeforeTax": "152000000",
            "incomeTaxExpense": "68400000",
            "interestAndDebtExpense": "14300000",
            "netIncomeFromContinuingOperations": "83600000",
            "comprehensiveIncomeNetOfTax": "71900000",
            "ebit": "268900000",
            "ebitda": "356400000",
            "netIncome": "83600000"
        }
    ],
    "quarterlyReports": [
        {
            "fiscalDateEnding": "2022-12-31",
            "reportedCurrency": "USD",
            "grossProfit": "387000000",
            "totalRevenue": "1149000000",
            "costOfRevenue": "762000000",
            "costofGoodsAndServicesSold": "762000000",
            "operatingIncome": "138000000",
            "sellingGeneralAndAdministrative": "226000000",
            "researchAndDevelopment": "4000000",
            "operatingExpenses": "379000000",
            "investmentIncomeNet": "None",
            "netInterestIncome": "-47000000",
            "interestIncome": "-45000000",
            "interestExpense": "2000000",
            "nonInterestIncome": "25000000",
            "otherNonOperatingIncome": "-2000000",
            "depreciation": "None",
            "depreciationAndAmortization": "103000000",
            "incomeBeforeTax": "114000000",
            "incomeTaxExpense": "33000000",
            "interestAndDebtExpense": "2000000",
            "netIncomeFromContinuingOperations": "81000000",
            "comprehensiveIncomeNetOfTax": "200000000",
            "ebit": "138000000",
            "ebitda": "219000000",
            "netIncome": "81000000"
        },
        {
            "fiscalDateEnding": "2022-09-30",
            "reportedCurrency": "USD",
            "grossProfit": "258000000",
            "totalRevenue": "1022000000",
            "costOfRevenue": "764000000",
            "costofGoodsAndServicesSold": "764000000",
            "operatingIncome": "60000000",
            "sellingGeneralAndAdministrative": "196000000",
            "researchAndDevelopment": "5000000",
            "operatingExpenses": "302000000",
            "investmentIncomeNet": "None",
            "netInterestIncome": "-32000000",
            "interestIncome": "-30000000",
            "interestExpense": "2000000",
            "nonInterestIncome": "-23000000",
            "otherNonOperatingIncome": "-1000000",
            "depreciation": "None",
            "depreciationAndAmortization": "99000000",
            "incomeBeforeTax": "3000000",
            "incomeTaxExpense": "3000000",
            "interestAndDebtExpense": "-2000000",
            "netIncomeFromContinuingOperations": "0",
            "comprehensiveIncomeNetOfTax": "-120000000",
            "ebit": "60000000",
            "ebitda": "104000000",
            "netIncome": "0"
        },
        {
            "fiscalDateEnding": "2022-06-30",
            "reportedCurrency": "USD",
            "grossProfit": "488000000",
            "totalRevenue": "1313000000",
            "costOfRevenue": "825000000",
            "costofGoodsAndServicesSold": "825000000",
            "operatingIncome": "246000000",
            "sellingGeneralAndAdministrative": "226000000",
            "researchAndDevelopment": "5000000",
            "operatingExpenses": "352000000",
            "investmentIncomeNet": "None",
            "netInterestIncome": "-32000000",
            "interestIncome": "-3000000",
            "interestExpense": "29000000",
            "nonInterestIncome": "-6000000",
            "otherNonOperatingIncome": "2000000",
            "depreciation": "None",
            "depreciationAndAmortization": "100000000",
            "incomeBeforeTax": "211000000",
            "incomeTaxExpense": "23000000",
            "interestAndDebtExpense": "30000000",
            "netIncomeFromContinuingOperations": "188000000",
            "comprehensiveIncomeNetOfTax": "144000000",
            "ebit": "246000000",
            "ebitda": "340000000",
            "netIncome": "188000000"
        },
        {
            "fiscalDateEnding": "2022-03-31",
            "reportedCurrency": "USD",
            "grossProfit": "423000000",
            "totalRevenue": "1273000000",
            "costOfRevenue": "850000000",
            "costofGoodsAndServicesSold": "850000000",
            "operatingIncome": "211000000",
            "sellingGeneralAndAdministrative": "207000000",
            "researchAndDevelopment": "6000000",
            "operatingExpenses": "320000000",
            "investmentIncomeNet": "None",
            "netInterestIncome": "-33000000",
            "interestIncome": "-32000000",
            "interestExpense": "1000000",
            "nonInterestIncome": "-4000000",
            "otherNonOperatingIncome": "2000000",
            "depreciation": "None",
            "depreciationAndAmortization": "99000000",
            "incomeBeforeTax": "176000000",
            "incomeTaxExpense": "35000000",
            "interestAndDebtExpense": "1000000",
            "netIncomeFromContinuingOperations": "141000000",
            "comprehensiveIncomeNetOfTax": "136000000",
            "ebit": "211000000",
            "ebitda": "276000000",
            "netIncome": "141000000"
        },
        {
            "fiscalDateEnding": "2021-12-31",
            "reportedCurrency": "USD",
            "grossProfit": "405000000",
            "totalRevenue": "1217000000",
            "costOfRevenue": "812000000",
            "costofGoodsAndServicesSold": "812000000",
            "operatingIncome": "161000000",
            "sellingGeneralAndAdministrative": "228000000",
            "researchAndDevelopment": "6000000",
            "operatingExpenses": "349000000",
            "investmentIncomeNet": "None",
            "netInterestIncome": "-32000000",
            "interestIncome": "-30000000",
            "interestExpense": "2000000",
            "nonInterestIncome": "-23000000",
            "otherNonOperatingIncome": "1000000",
            "depreciation": "None",
            "depreciationAndAmortization": "98000000",
            "incomeBeforeTax": "115000000",
            "incomeTaxExpense": "18000000",
            "interestAndDebtExpense": "2000000",
            "netIncomeFromContinuingOperations": "97000000",
            "comprehensiveIncomeNetOfTax": "81000000",
            "ebit": "161000000",
            "ebitda": "215000000",
            "netIncome": "97000000"
        },
        {
            "fiscalDateEnding": "2021-09-30",
            "reportedCurrency": "USD",
            "grossProfit": "324000000",
            "totalRevenue": "1025000000",
            "costOfRevenue": "701000000",
            "costofGoodsAndServicesSold": "701000000",
            "operatingIncome": "138000000",
            "sellingGeneralAndAdministrative": "183000000",
            "researchAndDevelopment": "6000000",
            "operatingExpenses": "275000000",
            "investmentIncomeNet": "None",
            "netInterestIncome": "-26000000",
            "interestIncome": "-20000000",
            "interestExpense": "6000000",
            "nonInterestIncome": "-8000000",
            "otherNonOperatingIncome": "4000000",
            "depreciation": "None",
            "depreciationAndAmortization": "81000000",
            "incomeBeforeTax": "103000000",
            "incomeTaxExpense": "10000000",
            "interestAndDebtExpense": "2000000",
            "netIncomeFromContinuingOperations": "93000000",
            "comprehensiveIncomeNetOfTax": "81000000",
            "ebit": "138000000",
            "ebitda": "190000000",
            "netIncome": "93000000"
        },
        {
            "fiscalDateEnding": "2021-06-30",
            "reportedCurrency": "USD",
            "grossProfit": "439000000",
            "totalRevenue": "1188000000",
            "costOfRevenue": "749000000",
            "costofGoodsAndServicesSold": "749000000",
            "operatingIncome": "251000000",
            "sellingGeneralAndAdministrative": "184000000",
            "researchAndDevelopment": "6000000",
            "operatingExpenses": "282700000",
            "investmentIncomeNet": "None",
            "netInterestIncome": "-32000000",
            "interestIncome": "-6600000",
            "interestExpense": "25400000",
            "nonInterestIncome": "-1200000",
            "otherNonOperatingIncome": "2000000",
            "depreciation": "None",
            "depreciationAndAmortization": "73000000",
            "incomeBeforeTax": "221000000",
            "incomeTaxExpense": "39000000",
            "interestAndDebtExpense": "24200000",
            "netIncomeFromContinuingOperations": "182400000",
            "comprehensiveIncomeNetOfTax": "189000000",
            "ebit": "251000000",
            "ebitda": "319400000",
            "netIncome": "182000000"
        },
        {
            "fiscalDateEnding": "2021-03-31",
            "reportedCurrency": "USD",
            "grossProfit": "366000000",
            "totalRevenue": "1053000000",
            "costOfRevenue": "687000000",
            "costofGoodsAndServicesSold": "687000000",
            "operatingIncome": "369000000",
            "sellingGeneralAndAdministrative": "173000000",
            "researchAndDevelopment": "3000000",
            "operatingExpenses": "255000000",
            "investmentIncomeNet": "None",
            "netInterestIncome": "-27000000",
            "interestIncome": "-3700000",
            "interestExpense": "23300000",
            "nonInterestIncome": "-5800000",
            "otherNonOperatingIncome": "-1000000",
            "depreciation": "None",
            "depreciationAndAmortization": "76000000",
            "incomeBeforeTax": "317000000",
            "incomeTaxExpense": "85000000",
            "interestAndDebtExpense": "21500000",
            "netIncomeFromContinuingOperations": "231800000",
            "comprehensiveIncomeNetOfTax": "237500000",
            "ebit": "369000000",
            "ebitda": "416300000",
            "netIncome": "232000000"
        },
        {
            "fiscalDateEnding": "2020-12-31",
            "reportedCurrency": "USD",
            "grossProfit": "298000000",
            "totalRevenue": "911000000",
            "costOfRevenue": "613000000",
            "costofGoodsAndServicesSold": "613000000",
            "operatingIncome": "127000000",
            "sellingGeneralAndAdministrative": "165000000",
            "researchAndDevelopment": "5000000",
            "operatingExpenses": "247200000",
            "investmentIncomeNet": "None",
            "netInterestIncome": "-26000000",
            "interestIncome": "-24400000",
            "interestExpense": "1600000",
            "nonInterestIncome": "-2300000",
            "otherNonOperatingIncome": "8000000",
            "depreciation": "None",
            "depreciationAndAmortization": "71000000",
            "incomeBeforeTax": "109000000",
            "incomeTaxExpense": "21000000",
            "interestAndDebtExpense": "1600000",
            "netIncomeFromContinuingOperations": "88400000",
            "comprehensiveIncomeNetOfTax": "128800000",
            "ebit": "127000000",
            "ebitda": "181600000",
            "netIncome": "88000000"
        },
        {
            "fiscalDateEnding": "2020-09-30",
            "reportedCurrency": "USD",
            "grossProfit": "249000000",
            "totalRevenue": "846000000",
            "costOfRevenue": "597000000",
            "costofGoodsAndServicesSold": "597000000",
            "operatingIncome": "82000000",
            "sellingGeneralAndAdministrative": "165000000",
            "researchAndDevelopment": "6400000",
            "operatingExpenses": "241100000",
            "investmentIncomeNet": "None",
            "netInterestIncome": "-26000000",
            "interestIncome": "-24300000",
            "interestExpense": "1700000",
            "nonInterestIncome": "1900000",
            "otherNonOperatingIncome": "10000000",
            "depreciation": "None",
            "depreciationAndAmortization": "69000000",
            "incomeBeforeTax": "67000000",
            "incomeTaxExpense": "-15000000",
            "interestAndDebtExpense": "1700000",
            "netIncomeFromContinuingOperations": "82400000",
            "comprehensiveIncomeNetOfTax": "98700000",
            "ebit": "82000000",
            "ebitda": "137700000",
            "netIncome": "82000000"
        },
        {
            "fiscalDateEnding": "2020-06-30",
            "reportedCurrency": "USD",
            "grossProfit": "334600000",
            "totalRevenue": "947600000",
            "costOfRevenue": "613000000",
            "costofGoodsAndServicesSold": "613000000",
            "operatingIncome": "169800000",
            "sellingGeneralAndAdministrative": "157100000",
            "researchAndDevelopment": "5600000",
            "operatingExpenses": "231600000",
            "investmentIncomeNet": "None",
            "netInterestIncome": "-20400000",
            "interestIncome": "-26200000",
            "interestExpense": "-5800000",
            "nonInterestIncome": "-6900000",
            "otherNonOperatingIncome": "27800000",
            "depreciation": "None",
            "depreciationAndAmortization": "66700000",
            "incomeBeforeTax": "178300000",
            "incomeTaxExpense": "24100000",
            "interestAndDebtExpense": "200000",
            "netIncomeFromContinuingOperations": "334600000",
            "comprehensiveIncomeNetOfTax": "334600000",
            "ebit": "169800000",
            "ebitda": "239200000",
            "netIncome": "154200000"
        },
        {
            "fiscalDateEnding": "2020-03-31",
            "reportedCurrency": "USD",
            "grossProfit": "238800000",
            "totalRevenue": "760600000",
            "costOfRevenue": "521800000",
            "costofGoodsAndServicesSold": "521800000",
            "operatingIncome": "100800000",
            "sellingGeneralAndAdministrative": "136100000",
            "researchAndDevelopment": "5900000",
            "operatingExpenses": "202200000",
            "investmentIncomeNet": "None",
            "netInterestIncome": "-34400000",
            "interestIncome": "-31700000",
            "interestExpense": "2700000",
            "nonInterestIncome": "1200000",
            "otherNonOperatingIncome": "-26000000",
            "depreciation": "None",
            "depreciationAndAmortization": "64800000",
            "incomeBeforeTax": "29700000",
            "incomeTaxExpense": "8800000",
            "interestAndDebtExpense": "8700000",
            "netIncomeFromContinuingOperations": "20900000",
            "comprehensiveIncomeNetOfTax": "-22100000",
            "ebit": "100800000",
            "ebitda": "97200000",
            "netIncome": "20900000"
        },
        {
            "fiscalDateEnding": "2019-12-31",
            "reportedCurrency": "USD",
            "grossProfit": "232200000",
            "totalRevenue": "721400000",
            "costOfRevenue": "489200000",
            "costofGoodsAndServicesSold": "489200000",
            "operatingIncome": "89000000",
            "sellingGeneralAndAdministrative": "141000000",
            "researchAndDevelopment": "4900000",
            "operatingExpenses": "203400000",
            "investmentIncomeNet": "None",
            "netInterestIncome": "-34900000",
            "interestIncome": "-31600000",
            "interestExpense": "3300000",
            "nonInterestIncome": "-10600000",
            "otherNonOperatingIncome": "11100000",
            "depreciation": "None",
            "depreciationAndAmortization": "61900000",
            "incomeBeforeTax": "58500000",
            "incomeTaxExpense": "13000000",
            "interestAndDebtExpense": "3300000",
            "netIncomeFromContinuingOperations": "45500000",
            "comprehensiveIncomeNetOfTax": "70900000",
            "ebit": "89000000",
            "ebitda": "123700000",
            "netIncome": "45500000"
        },
        {
            "fiscalDateEnding": "2019-09-30",
            "reportedCurrency": "USD",
            "grossProfit": "177700000",
            "totalRevenue": "664700000",
            "costOfRevenue": "487000000",
            "costofGoodsAndServicesSold": "487000000",
            "operatingIncome": "34400000",
            "sellingGeneralAndAdministrative": "142800000",
            "researchAndDevelopment": "4600000",
            "operatingExpenses": "204100000",
            "investmentIncomeNet": "None",
            "netInterestIncome": "-36300000",
            "interestIncome": "-31700000",
            "interestExpense": "4600000",
            "nonInterestIncome": "9800000",
            "otherNonOperatingIncome": "-7900000",
            "depreciation": "None",
            "depreciationAndAmortization": "60600000",
            "incomeBeforeTax": "-6800000",
            "incomeTaxExpense": "-6900000",
            "interestAndDebtExpense": "4600000",
            "netIncomeFromContinuingOperations": "100000",
            "comprehensiveIncomeNetOfTax": "-22000000",
            "ebit": "34400000",
            "ebitda": "58400000",
            "netIncome": "100000"
        },
        {
            "fiscalDateEnding": "2019-06-30",
            "reportedCurrency": "USD",
            "grossProfit": "256500000",
            "totalRevenue": "725700000",
            "costOfRevenue": "469200000",
            "costofGoodsAndServicesSold": "469300000",
            "operatingIncome": "109600000",
            "sellingGeneralAndAdministrative": "143400000",
            "researchAndDevelopment": "900000",
            "operatingExpenses": "202400000",
            "investmentIncomeNet": "None",
            "netInterestIncome": "-31000000",
            "interestIncome": "-28900000",
            "interestExpense": "2100000",
            "nonInterestIncome": "-3400000",
            "otherNonOperatingIncome": "13500000",
            "depreciation": "None",
            "depreciationAndAmortization": "55100000",
            "incomeBeforeTax": "79900000",
            "incomeTaxExpense": "8800000",
            "interestAndDebtExpense": "2100000",
            "netIncomeFromContinuingOperations": "256500000",
            "comprehensiveIncomeNetOfTax": "256500000",
            "ebit": "109600000",
            "ebitda": "137100000",
            "netIncome": "71100000"
        },
        {
            "fiscalDateEnding": "2019-03-31",
            "reportedCurrency": "USD",
            "grossProfit": "198700000",
            "totalRevenue": "617500000",
            "costOfRevenue": "418800000",
            "costofGoodsAndServicesSold": "418800000",
            "operatingIncome": "65800000",
            "sellingGeneralAndAdministrative": "129900000",
            "researchAndDevelopment": "900000",
            "operatingExpenses": "199400000",
            "investmentIncomeNet": "None",
            "netInterestIncome": "-26400000",
            "interestIncome": "-25400000",
            "interestExpense": "1000000",
            "nonInterestIncome": "6100000",
            "otherNonOperatingIncome": "0",
            "depreciation": "None",
            "depreciationAndAmortization": "66400000",
            "incomeBeforeTax": "42600000",
            "incomeTaxExpense": "10900000",
            "interestAndDebtExpense": "1000000",
            "netIncomeFromContinuingOperations": "31700000",
            "comprehensiveIncomeNetOfTax": "53600000",
            "ebit": "65800000",
            "ebitda": "110000000",
            "netIncome": "31700000"
        },
        {
            "fiscalDateEnding": "2018-12-31",
            "reportedCurrency": "USD",
            "grossProfit": "201400000",
            "totalRevenue": "623000000",
            "costOfRevenue": "421600000",
            "costofGoodsAndServicesSold": "421600000",
            "operatingIncome": "78200000",
            "sellingGeneralAndAdministrative": "123200000",
            "researchAndDevelopment": "1000000",
            "operatingExpenses": "177900000",
            "investmentIncomeNet": "None",
            "netInterestIncome": "-25500000",
            "interestIncome": "-24600000",
            "interestExpense": "900000",
            "nonInterestIncome": "8700000",
            "otherNonOperatingIncome": "-700000",
            "depreciation": "None",
            "depreciationAndAmortization": "54600000",
            "incomeBeforeTax": "51300000",
            "incomeTaxExpense": "2300000",
            "interestAndDebtExpense": "900000",
            "netIncomeFromContinuingOperations": "49000000",
            "comprehensiveIncomeNetOfTax": "32000000",
            "ebit": "78200000",
            "ebitda": "106800000",
            "netIncome": "49000000"
        },
        {
            "fiscalDateEnding": "2018-09-30",
            "reportedCurrency": "USD",
            "grossProfit": "148500000",
            "totalRevenue": "551800000",
            "costOfRevenue": "403300000",
            "costofGoodsAndServicesSold": "403300000",
            "operatingIncome": "20400000",
            "sellingGeneralAndAdministrative": "115500000",
            "researchAndDevelopment": "500000",
            "operatingExpenses": "178100000",
            "investmentIncomeNet": "None",
            "netInterestIncome": "-28100000",
            "interestIncome": "-22900000",
            "interestExpense": "5200000",
            "nonInterestIncome": "-4500000",
            "otherNonOperatingIncome": "200000",
            "depreciation": "34700000",
            "depreciationAndAmortization": "52900000",
            "incomeBeforeTax": "-13400000",
            "incomeTaxExpense": "1000000",
            "interestAndDebtExpense": "5200000",
            "netIncomeFromContinuingOperations": "-14400000",
            "comprehensiveIncomeNetOfTax": "-22800000",
            "ebit": "20400000",
            "ebitda": "44700000",
            "netIncome": "-14400000"
        },
        {
            "fiscalDateEnding": "2018-06-30",
            "reportedCurrency": "USD",
            "grossProfit": "233400000",
            "totalRevenue": "685300000",
            "costOfRevenue": "451900000",
            "costofGoodsAndServicesSold": "451900000",
            "operatingIncome": "96700000",
            "sellingGeneralAndAdministrative": "124900000",
            "researchAndDevelopment": "1200000",
            "operatingExpenses": "188200000",
            "investmentIncomeNet": "None",
            "netInterestIncome": "-30000000",
            "interestIncome": "-27500000",
            "interestExpense": "2500000",
            "nonInterestIncome": "36900000",
            "otherNonOperatingIncome": "800000",
            "depreciation": "35100000",
            "depreciationAndAmortization": "52600000",
            "incomeBeforeTax": "89400000",
            "incomeTaxExpense": "6700000",
            "interestAndDebtExpense": "2500000",
            "netIncomeFromContinuingOperations": "82700000",
            "comprehensiveIncomeNetOfTax": "12500000",
            "ebit": "96700000",
            "ebitda": "144500000",
            "netIncome": "82700000"
        },
        {
            "fiscalDateEnding": "2018-03-31",
            "reportedCurrency": "USD",
            "grossProfit": "191700000",
            "totalRevenue": "627900000",
            "costOfRevenue": "436200000",
            "costofGoodsAndServicesSold": "436200000",
            "operatingIncome": "72500000",
            "sellingGeneralAndAdministrative": "117600000",
            "researchAndDevelopment": "1800000",
            "operatingExpenses": "170100000",
            "investmentIncomeNet": "None",
            "netInterestIncome": "-29900000",
            "interestIncome": "-29900000",
            "interestExpense": "0",
            "nonInterestIncome": "-25900000",
            "otherNonOperatingIncome": "500000",
            "depreciation": "34100000",
            "depreciationAndAmortization": "51700000",
            "incomeBeforeTax": "32700000",
            "incomeTaxExpense": "13700000",
            "interestAndDebtExpense": "0",
            "netIncomeFromContinuingOperations": "19000000",
            "comprehensiveIncomeNetOfTax": "58300000",
            "ebit": "72500000",
            "ebitda": "84400000",
            "netIncome": "19000000"
        }
    ]
}