{
    "symbol": "DD",
    "annualReports": [
        {
            "fiscalDateEnding": "2022-12-31",
            "reportedCurrency": "USD",
            "grossProfit": "2558000000",
            "totalRevenue": "13171000000",
            "costOfRevenue": "10613000000",
            "costofGoodsAndServicesSold": "8402000000",
            "operatingIncome": "4927000000",
            "sellingGeneralAndAdministrative": "1467000000",
            "researchAndDevelopment": "536000000",
            "operatingExpenses": "-2349000000",
            "investmentIncomeNet": "50000000",
            "netInterestIncome": "-492000000",
            "interestIncome": "417000000",
            "interestExpense": "492000000",
            "nonInterestIncome": "13101000000",
            "otherNonOperatingIncome": "266000000",
            "depreciation": "545000000",
            "depreciationAndAmortization": "590000000",
            "incomeBeforeTax": "6255000000",
            "incomeTaxExpense": "387000000",
            "interestAndDebtExpense": "492000000",
            "netIncomeFromContinuingOperations": "1008000000",
            "comprehensiveIncomeNetOfTax": "5036000000",
            "ebit": "4927000000",
            "ebitda": "5517000000",
            "netIncome": "5868000000"
        },
        {
            "fiscalDateEnding": "2021-12-31",
            "reportedCurrency": "USD",
            "grossProfit": "3332000000",
            "totalRevenue": "16791000000",
            "costOfRevenue": "13459000000",
            "costofGoodsAndServicesSold": "7971000000",
            "operatingIncome": "5138000000",
            "sellingGeneralAndAdministrative": "1602000000",
            "researchAndDevelopment": "557000000",
            "operatingExpenses": "-1817000000",
            "investmentIncomeNet": "4000000",
            "netInterestIncome": "-525000000",
            "interestIncome": "619000000",
            "interestExpense": "525000000",
            "nonInterestIncome": "16743000000",
            "otherNonOperatingIncome": "257000000",
            "depreciation": "546000000",
            "depreciationAndAmortization": "725000000",
            "incomeBeforeTax": "6704000000",
            "incomeTaxExpense": "237000000",
            "interestAndDebtExpense": "525000000",
            "netIncomeFromContinuingOperations": "1756000000",
            "comprehensiveIncomeNetOfTax": "6464000000",
            "ebit": "5138000000",
            "ebitda": "5863000000",
            "netIncome": "6467000000"
        },
        {
            "fiscalDateEnding": "2020-12-31",
            "reportedCurrency": "USD",
            "grossProfit": "1669000000",
            "totalRevenue": "20397000000",
            "costOfRevenue": "18728000000",
            "costofGoodsAndServicesSold": "7063000000",
            "operatingIncome": "-3708000000",
            "sellingGeneralAndAdministrative": "1492000000",
            "researchAndDevelopment": "565000000",
            "operatingExpenses": "4831000000",
            "investmentIncomeNet": "10000000",
            "netInterestIncome": "-767000000",
            "interestIncome": "576000000",
            "interestExpense": "0",
            "nonInterestIncome": "537000000",
            "otherNonOperatingIncome": "866000000",
            "depreciation": "544000000",
            "depreciationAndAmortization": "2122000000",
            "incomeBeforeTax": "-2861000000",
            "incomeTaxExpense": "90000000",
            "interestAndDebtExpense": "672000000",
            "netIncomeFromContinuingOperations": "-2902000000",
            "comprehensiveIncomeNetOfTax": "-1491000000",
            "ebit": "-2861000000",
            "ebitda": "-739000000",
            "netIncome": "-2951000000"
        },
        {
            "fiscalDateEnding": "2019-12-31",
            "reportedCurrency": "USD",
            "grossProfit": "3425000000",
            "totalRevenue": "21512000000",
            "costOfRevenue": "18087000000",
            "costofGoodsAndServicesSold": "10026000000",
            "operatingIncome": "-1427000000",
            "sellingGeneralAndAdministrative": "2057000000",
            "researchAndDevelopment": "689000000",
            "operatingExpenses": "4829000000",
            "investmentIncomeNet": "55000000",
            "netInterestIncome": "-613000000",
            "interestIncome": "639000000",
            "interestExpense": "0",
            "nonInterestIncome": "-110000000",
            "otherNonOperatingIncome": "237000000",
            "depreciation": "701000000",
            "depreciationAndAmortization": "1054000000",
            "incomeBeforeTax": "496000000",
            "incomeTaxExpense": "-2000000",
            "interestAndDebtExpense": "667000000",
            "netIncomeFromContinuingOperations": "-644000000",
            "comprehensiveIncomeNetOfTax": "-32000000",
            "ebit": "496000000",
            "ebitda": "1550000000",
            "netIncome": "498000000"
        },
        {
            "fiscalDateEnding": "2018-12-31",
            "reportedCurrency": "USD",
            "grossProfit": "20644000000",
            "totalRevenue": "22594000000",
            "costOfRevenue": "1950000000",
            "costofGoodsAndServicesSold": "15302000000",
            "operatingIncome": "2556000000",
            "sellingGeneralAndAdministrative": "3028000000",
            "researchAndDevelopment": "1070000000",
            "operatingExpenses": "12684000000",
            "investmentIncomeNet": "210000000",
            "netInterestIncome": "-108000000",
            "interestIncome": "338000000",
            "interestExpense": "108000000",
            "nonInterestIncome": "-279000000",
            "otherNonOperatingIncome": "215000000",
            "depreciation": "1126000000",
            "depreciationAndAmortization": "1903000000",
            "incomeBeforeTax": "4040000000",
            "incomeTaxExpense": "195000000",
            "interestAndDebtExpense": "55000000",
            "netIncomeFromContinuingOperations": "4004000000",
            "comprehensiveIncomeNetOfTax": "1497000000",
            "ebit": "4148000000",
            "ebitda": "6051000000",
            "netIncome": "3845000000"
        }
    ],
    "quarterlyReports": [
        {
            "fiscalDateEnding": "2022-12-31",
            "reportedCurrency": "USD",
            "grossProfit": "599000000",
            "totalRevenue": "3181000000",
            "costOfRevenue": "2582000000",
            "costofGoodsAndServicesSold": "2048000000",
            "operatingIncome": "4980000000",
            "sellingGeneralAndAdministrative": "337000000",
            "researchAndDevelopment": "123000000",
            "operatingExpenses": "-4372000000",
            "investmentIncomeNet": "42000000",
            "netInterestIncome": "-122000000",
            "interestIncome": "109000000",
            "interestExpense": "122000000",
            "nonInterestIncome": "3111000000",
            "otherNonOperatingIncome": "81000000",
            "depreciation": "131000000",
            "depreciationAndAmortization": "143000000",
            "incomeBeforeTax": "4314000000",
            "incomeTaxExpense": "88000000",
            "interestAndDebtExpense": "122000000",
            "netIncomeFromContinuingOperations": "94000000",
            "comprehensiveIncomeNetOfTax": "5038000000",
            "ebit": "4980000000",
            "ebitda": "5123000000",
            "netIncome": "4226000000"
        },
        {
            "fiscalDateEnding": "2022-09-30",
            "reportedCurrency": "USD",
            "grossProfit": "729000000",
            "totalRevenue": "3327000000",
            "costOfRevenue": "2598000000",
            "costofGoodsAndServicesSold": "2095000000",
            "operatingIncome": "106000000",
            "sellingGeneralAndAdministrative": "356000000",
            "researchAndDevelopment": "129000000",
            "operatingExpenses": "621000000",
            "investmentIncomeNet": "5000000",
            "netInterestIncome": "-123000000",
            "interestIncome": "102000000",
            "interestExpense": "128000000",
            "nonInterestIncome": "3327000000",
            "otherNonOperatingIncome": "42000000",
            "depreciation": "137000000",
            "depreciationAndAmortization": "146000000",
            "incomeBeforeTax": "506000000",
            "incomeTaxExpense": "139000000",
            "interestAndDebtExpense": "128000000",
            "netIncomeFromContinuingOperations": "343000000",
            "comprehensiveIncomeNetOfTax": "-391000000",
            "ebit": "106000000",
            "ebitda": "252000000",
            "netIncome": "367000000"
        },
        {
            "fiscalDateEnding": "2022-06-30",
            "reportedCurrency": "USD",
            "grossProfit": "710000000",
            "totalRevenue": "3394000000",
            "costOfRevenue": "2684000000",
            "costofGoodsAndServicesSold": "2149000000",
            "operatingIncome": "111000000",
            "sellingGeneralAndAdministrative": "385000000",
            "researchAndDevelopment": "141000000",
            "operatingExpenses": "543000000",
            "investmentIncomeNet": "2000000",
            "netInterestIncome": "-122000000",
            "interestIncome": "2000000",
            "interestExpense": "122000000",
            "nonInterestIncome": "3394000000",
            "otherNonOperatingIncome": "114000000",
            "depreciation": "133000000",
            "depreciationAndAmortization": "148000000",
            "incomeBeforeTax": "900000000",
            "incomeTaxExpense": "113000000",
            "interestAndDebtExpense": "122000000",
            "netIncomeFromContinuingOperations": "357000000",
            "comprehensiveIncomeNetOfTax": "162000000",
            "ebit": "111000000",
            "ebitda": "259000000",
            "netIncome": "787000000"
        },
        {
            "fiscalDateEnding": "2022-03-31",
            "reportedCurrency": "USD",
            "grossProfit": "515000000",
            "totalRevenue": "3269000000",
            "costOfRevenue": "2754000000",
            "costofGoodsAndServicesSold": "2110000000",
            "operatingIncome": "-275000000",
            "sellingGeneralAndAdministrative": "389000000",
            "researchAndDevelopment": "143000000",
            "operatingExpenses": "791000000",
            "investmentIncomeNet": "1000000",
            "netInterestIncome": "-120000000",
            "interestIncome": "1000000",
            "interestExpense": "120000000",
            "nonInterestIncome": "3269000000",
            "otherNonOperatingIncome": "29000000",
            "depreciation": "144000000",
            "depreciationAndAmortization": "153000000",
            "incomeBeforeTax": "535000000",
            "incomeTaxExpense": "47000000",
            "interestAndDebtExpense": "120000000",
            "netIncomeFromContinuingOperations": "214000000",
            "comprehensiveIncomeNetOfTax": "227000000",
            "ebit": "-275000000",
            "ebitda": "-122000000",
            "netIncome": "488000000"
        },
        {
            "fiscalDateEnding": "2021-12-31",
            "reportedCurrency": "USD",
            "grossProfit": "718000000",
            "totalRevenue": "4299000000",
            "costOfRevenue": "3581000000",
            "costofGoodsAndServicesSold": "2119000000",
            "operatingIncome": "-192000000",
            "sellingGeneralAndAdministrative": "401000000",
            "researchAndDevelopment": "148000000",
            "operatingExpenses": "911000000",
            "investmentIncomeNet": "0",
            "netInterestIncome": "-135000000",
            "interestIncome": "153000000",
            "interestExpense": "135000000",
            "nonInterestIncome": "4251000000",
            "otherNonOperatingIncome": "11000000",
            "depreciation": "139000000",
            "depreciationAndAmortization": "195000000",
            "incomeBeforeTax": "269000000",
            "incomeTaxExpense": "65000000",
            "interestAndDebtExpense": "135000000",
            "netIncomeFromContinuingOperations": "244000000",
            "comprehensiveIncomeNetOfTax": "427000000",
            "ebit": "-192000000",
            "ebitda": "3000000",
            "netIncome": "204000000"
        },
        {
            "fiscalDateEnding": "2021-09-30",
            "reportedCurrency": "USD",
            "grossProfit": "805000000",
            "totalRevenue": "4255000000",
            "costOfRevenue": "3450000000",
            "costofGoodsAndServicesSold": "2032000000",
            "operatingIncome": "-6000000",
            "sellingGeneralAndAdministrative": "411000000",
            "researchAndDevelopment": "137000000",
            "operatingExpenses": "813000000",
            "investmentIncomeNet": "1000000",
            "netInterestIncome": "-115000000",
            "interestIncome": "90000000",
            "interestExpense": "115000000",
            "nonInterestIncome": "4255000000",
            "otherNonOperatingIncome": "33000000",
            "depreciation": "142000000",
            "depreciationAndAmortization": "196000000",
            "incomeBeforeTax": "471000000",
            "incomeTaxExpense": "80000000",
            "interestAndDebtExpense": "115000000",
            "netIncomeFromContinuingOperations": "420000000",
            "comprehensiveIncomeNetOfTax": "235000000",
            "ebit": "-6000000",
            "ebitda": "190000000",
            "netIncome": "391000000"
        },
        {
            "fiscalDateEnding": "2021-06-30",
            "reportedCurrency": "USD",
            "grossProfit": "996000000",
            "totalRevenue": "4267000000",
            "costOfRevenue": "3271000000",
            "costofGoodsAndServicesSold": "1959000000",
            "operatingIncome": "371000000",
            "sellingGeneralAndAdministrative": "395000000",
            "researchAndDevelopment": "133000000",
            "operatingExpenses": "484000000",
            "investmentIncomeNet": "2000000",
            "netInterestIncome": "-129000000",
            "interestIncome": "110000000",
            "interestExpense": "129000000",
            "nonInterestIncome": "4267000000",
            "otherNonOperatingIncome": "171000000",
            "depreciation": "135000000",
            "depreciationAndAmortization": "167000000",
            "incomeBeforeTax": "571000000",
            "incomeTaxExpense": "93000000",
            "interestAndDebtExpense": "129000000",
            "netIncomeFromContinuingOperations": "555000000",
            "comprehensiveIncomeNetOfTax": "615000000",
            "ebit": "371000000",
            "ebitda": "538000000",
            "netIncome": "478000000"
        },
        {
            "fiscalDateEnding": "2021-03-31",
            "reportedCurrency": "USD",
            "grossProfit": "833000000",
            "totalRevenue": "3970000000",
            "costOfRevenue": "3137000000",
            "costofGoodsAndServicesSold": "1861000000",
            "operatingIncome": "63000000",
            "sellingGeneralAndAdministrative": "395000000",
            "researchAndDevelopment": "139000000",
            "operatingExpenses": "751000000",
            "investmentIncomeNet": "2000000",
            "netInterestIncome": "-144000000",
            "interestIncome": "127000000",
            "interestExpense": "146000000",
            "nonInterestIncome": "3970000000",
            "otherNonOperatingIncome": "42000000",
            "depreciation": "130000000",
            "depreciationAndAmortization": "167000000",
            "incomeBeforeTax": "5393000000",
            "incomeTaxExpense": "-1000000",
            "interestAndDebtExpense": "146000000",
            "netIncomeFromContinuingOperations": "537000000",
            "comprehensiveIncomeNetOfTax": "5187000000",
            "ebit": "63000000",
            "ebitda": "230000000",
            "netIncome": "5394000000"
        },
        {
            "fiscalDateEnding": "2020-12-31",
            "reportedCurrency": "USD",
            "grossProfit": "1161000000",
            "totalRevenue": "5252000000",
            "costOfRevenue": "4091000000",
            "costofGoodsAndServicesSold": "3521000000",
            "operatingIncome": "591000000",
            "sellingGeneralAndAdministrative": "193000000",
            "researchAndDevelopment": "99000000",
            "operatingExpenses": "570000000",
            "investmentIncomeNet": "3000000",
            "netInterestIncome": "-194000000",
            "interestIncome": "175000000",
            "interestExpense": "194000000",
            "nonInterestIncome": "-12000000",
            "otherNonOperatingIncome": "67000000",
            "depreciation": "31000000",
            "depreciationAndAmortization": "528000000",
            "incomeBeforeTax": "88000000",
            "incomeTaxExpense": "-134000000",
            "interestAndDebtExpense": "155000000",
            "netIncomeFromContinuingOperations": "279000000",
            "comprehensiveIncomeNetOfTax": "1125000000",
            "ebit": "591000000",
            "ebitda": "1119000000",
            "netIncome": "222000000"
        },
        {
            "fiscalDateEnding": "2020-09-30",
            "reportedCurrency": "USD",
            "grossProfit": "266000000",
            "totalRevenue": "5096000000",
            "costOfRevenue": "4830000000",
            "costofGoodsAndServicesSold": "2417000000",
            "operatingIncome": "-939000000",
            "sellingGeneralAndAdministrative": "403000000",
            "researchAndDevelopment": "140000000",
            "operatingExpenses": "825000000",
            "investmentIncomeNet": "3000000",
            "netInterestIncome": "-194000000",
            "interestIncome": "174000000",
            "interestExpense": "197000000",
            "nonInterestIncome": "383000000",
            "otherNonOperatingIncome": "460000000",
            "depreciation": "173000000",
            "depreciationAndAmortization": "530000000",
            "incomeBeforeTax": "43000000",
            "incomeTaxExpense": "122000000",
            "interestAndDebtExpense": "165000000",
            "netIncomeFromContinuingOperations": "-79000000",
            "comprehensiveIncomeNetOfTax": "527000000",
            "ebit": "-939000000",
            "ebitda": "-409000000",
            "netIncome": "-79000000"
        },
        {
            "fiscalDateEnding": "2020-06-30",
            "reportedCurrency": "USD",
            "grossProfit": "449000000",
            "totalRevenue": "4828000000",
            "costOfRevenue": "4379000000",
            "costofGoodsAndServicesSold": "2298000000",
            "operatingIncome": "-849000000",
            "sellingGeneralAndAdministrative": "414000000",
            "researchAndDevelopment": "153000000",
            "operatingExpenses": "1301000000",
            "investmentIncomeNet": "2000000",
            "netInterestIncome": "-191000000",
            "interestIncome": "111000000",
            "interestExpense": "193000000",
            "nonInterestIncome": "-23000000",
            "otherNonOperatingIncome": "89000000",
            "depreciation": "172000000",
            "depreciationAndAmortization": "528000000",
            "incomeBeforeTax": "-2470000000",
            "incomeTaxExpense": "8000000",
            "interestAndDebtExpense": "181000000",
            "netIncomeFromContinuingOperations": "-2478000000",
            "comprehensiveIncomeNetOfTax": "-2133000000",
            "ebit": "-849000000",
            "ebitda": "-321000000",
            "netIncome": "-2478000000"
        },
        {
            "fiscalDateEnding": "2020-03-31",
            "reportedCurrency": "USD",
            "grossProfit": "333000000",
            "totalRevenue": "5221000000",
            "costOfRevenue": "4888000000",
            "costofGoodsAndServicesSold": "2319000000",
            "operatingIncome": "-1267000000",
            "sellingGeneralAndAdministrative": "482000000",
            "researchAndDevelopment": "173000000",
            "operatingExpenses": "1412000000",
            "investmentIncomeNet": "2000000",
            "netInterestIncome": "-181000000",
            "interestIncome": "150000000",
            "interestExpense": "183000000",
            "nonInterestIncome": "189000000",
            "otherNonOperatingIncome": "250000000",
            "depreciation": "168000000",
            "depreciationAndAmortization": "533000000",
            "incomeBeforeTax": "-522000000",
            "incomeTaxExpense": "94000000",
            "interestAndDebtExpense": "171000000",
            "netIncomeFromContinuingOperations": "-616000000",
            "comprehensiveIncomeNetOfTax": "-1010000000",
            "ebit": "-1267000000",
            "ebitda": "-734000000",
            "netIncome": "-616000000"
        },
        {
            "fiscalDateEnding": "2019-12-31",
            "reportedCurrency": "USD",
            "grossProfit": "1772000000",
            "totalRevenue": "5204000000",
            "costOfRevenue": "3432000000",
            "costofGoodsAndServicesSold": "3408000000",
            "operatingIncome": "1748000000",
            "sellingGeneralAndAdministrative": "44000000",
            "researchAndDevelopment": "-35000000",
            "operatingExpenses": "24000000",
            "investmentIncomeNet": "5000000",
            "netInterestIncome": "-170000000",
            "interestIncome": "227000000",
            "interestExpense": "0",
            "nonInterestIncome": "-9000000",
            "otherNonOperatingIncome": "None",
            "depreciation": "-77000000",
            "depreciationAndAmortization": "295000000",
            "incomeBeforeTax": "32000000",
            "incomeTaxExpense": "-144000000",
            "interestAndDebtExpense": "174000000",
            "netIncomeFromContinuingOperations": "191000000",
            "comprehensiveIncomeNetOfTax": "291000000",
            "ebit": "32000000",
            "ebitda": "327000000",
            "netIncome": "176000000"
        },
        {
            "fiscalDateEnding": "2019-09-30",
            "reportedCurrency": "USD",
            "grossProfit": "920000000",
            "totalRevenue": "5426000000",
            "costOfRevenue": "4506000000",
            "costofGoodsAndServicesSold": "3531000000",
            "operatingIncome": "-200000000",
            "sellingGeneralAndAdministrative": "645000000",
            "researchAndDevelopment": "225000000",
            "operatingExpenses": "1136000000",
            "investmentIncomeNet": "1000000",
            "netInterestIncome": "-176000000",
            "interestIncome": "156000000",
            "interestExpense": "0",
            "nonInterestIncome": "-23000000",
            "otherNonOperatingIncome": "122000000",
            "depreciation": "252000000",
            "depreciationAndAmortization": "248000000",
            "incomeBeforeTax": "450000000",
            "incomeTaxExpense": "78000000",
            "interestAndDebtExpense": "177000000",
            "netIncomeFromContinuingOperations": "367000000",
            "comprehensiveIncomeNetOfTax": "-325000000",
            "ebit": "450000000",
            "ebitda": "698000000",
            "netIncome": "372000000"
        },
        {
            "fiscalDateEnding": "2019-06-30",
            "reportedCurrency": "USD",
            "grossProfit": "941000000",
            "totalRevenue": "5468000000",
            "costOfRevenue": "4527000000",
            "costofGoodsAndServicesSold": "3496000000",
            "operatingIncome": "-351000000",
            "sellingGeneralAndAdministrative": "642000000",
            "researchAndDevelopment": "232000000",
            "operatingExpenses": "1253000000",
            "investmentIncomeNet": "9000000",
            "netInterestIncome": "-156000000",
            "interestIncome": "124000000",
            "interestExpense": "165000000",
            "nonInterestIncome": "-17000000",
            "otherNonOperatingIncome": "30000000",
            "depreciation": "255000000",
            "depreciationAndAmortization": "252000000",
            "incomeBeforeTax": "-416000000",
            "incomeTaxExpense": "155000000",
            "interestAndDebtExpense": "165000000",
            "netIncomeFromContinuingOperations": "-1094000000",
            "comprehensiveIncomeNetOfTax": "-543000000",
            "ebit": "-351000000",
            "ebitda": "-99000000",
            "netIncome": "-571000000"
        },
        {
            "fiscalDateEnding": "2019-03-31",
            "reportedCurrency": "USD",
            "grossProfit": "2490000000",
            "totalRevenue": "5414000000",
            "costOfRevenue": "17159000000",
            "costofGoodsAndServicesSold": "3621000000",
            "operatingIncome": "-1947000000",
            "sellingGeneralAndAdministrative": "726000000",
            "researchAndDevelopment": "267000000",
            "operatingExpenses": "3107000000",
            "investmentIncomeNet": "75000000",
            "netInterestIncome": "-454000000",
            "interestIncome": "132000000",
            "interestExpense": "454000000",
            "nonInterestIncome": "-11000000",
            "otherNonOperatingIncome": "274000000",
            "depreciation": "957000000",
            "depreciationAndAmortization": "474000000",
            "incomeBeforeTax": "430000000",
            "incomeTaxExpense": "-91000000",
            "interestAndDebtExpense": "151000000",
            "netIncomeFromContinuingOperations": "571000000",
            "comprehensiveIncomeNetOfTax": "545000000",
            "ebit": "-1947000000",
            "ebitda": "-1473000000",
            "netIncome": "521000000"
        },
        {
            "fiscalDateEnding": "2018-12-31",
            "reportedCurrency": "USD",
            "grossProfit": "4532000000",
            "totalRevenue": "5457000000",
            "costOfRevenue": "925000000",
            "costofGoodsAndServicesSold": "3642000000",
            "operatingIncome": "4168000000",
            "sellingGeneralAndAdministrative": "727000000",
            "researchAndDevelopment": "262000000",
            "operatingExpenses": "364000000",
            "investmentIncomeNet": "66000000",
            "netInterestIncome": "None",
            "interestIncome": "None",
            "interestExpense": "432000000",
            "nonInterestIncome": "35000000",
            "otherNonOperatingIncome": "None",
            "depreciation": "269000000",
            "depreciationAndAmortization": "479000000",
            "incomeBeforeTax": "476000000",
            "incomeTaxExpense": "-6000000",
            "interestAndDebtExpense": "55000000",
            "netIncomeFromContinuingOperations": "513000000",
            "comprehensiveIncomeNetOfTax": "-1353000000",
            "ebit": "4168000000",
            "ebitda": "4647000000",
            "netIncome": "482000000"
        },
        {
            "fiscalDateEnding": "2018-09-30",
            "reportedCurrency": "USD",
            "grossProfit": "4646000000",
            "totalRevenue": "5683000000",
            "costOfRevenue": "1037000000",
            "costofGoodsAndServicesSold": "3770000000",
            "operatingIncome": "-1670000000",
            "sellingGeneralAndAdministrative": "731000000",
            "researchAndDevelopment": "264000000",
            "operatingExpenses": "2991000000",
            "investmentIncomeNet": "38000000",
            "netInterestIncome": "None",
            "interestIncome": "None",
            "interestExpense": "362000000",
            "nonInterestIncome": "-109000000",
            "otherNonOperatingIncome": "None",
            "depreciation": "286000000",
            "depreciationAndAmortization": "462000000",
            "incomeBeforeTax": "538000000",
            "incomeTaxExpense": "37000000",
            "interestAndDebtExpense": "0",
            "netIncomeFromContinuingOperations": "535000000",
            "comprehensiveIncomeNetOfTax": "672000000",
            "ebit": "-1670000000",
            "ebitda": "-1208000000",
            "netIncome": "501000000"
        },
        {
            "fiscalDateEnding": "2018-06-30",
            "reportedCurrency": "USD",
            "grossProfit": "6271000000",
            "totalRevenue": "5857000000",
            "costOfRevenue": "-414000000",
            "costofGoodsAndServicesSold": "4085000000",
            "operatingIncome": "-1220000000",
            "sellingGeneralAndAdministrative": "768000000",
            "researchAndDevelopment": "270000000",
            "operatingExpenses": "3378000000",
            "investmentIncomeNet": "51000000",
            "netInterestIncome": "None",
            "interestIncome": "None",
            "interestExpense": "360000000",
            "nonInterestIncome": "-57000000",
            "otherNonOperatingIncome": "None",
            "depreciation": "285000000",
            "depreciationAndAmortization": "488000000",
            "incomeBeforeTax": "1868000000",
            "incomeTaxExpense": "99000000",
            "interestAndDebtExpense": "0",
            "netIncomeFromContinuingOperations": "1803000000",
            "comprehensiveIncomeNetOfTax": "-376000000",
            "ebit": "-1220000000",
            "ebitda": "-732000000",
            "netIncome": "1769000000"
        },
        {
            "fiscalDateEnding": "2018-03-31",
            "reportedCurrency": "USD",
            "grossProfit": "5195000000",
            "totalRevenue": "5597000000",
            "costOfRevenue": "402000000",
            "costofGoodsAndServicesSold": "3805000000",
            "operatingIncome": "-2198000000",
            "sellingGeneralAndAdministrative": "1714000000",
            "researchAndDevelopment": "768000000",
            "operatingExpenses": "3183000000",
            "investmentIncomeNet": "55000000",
            "netInterestIncome": "None",
            "interestIncome": "None",
            "interestExpense": "350000000",
            "nonInterestIncome": "-308000000",
            "otherNonOperatingIncome": "None",
            "depreciation": "953000000",
            "depreciationAndAmortization": "474000000",
            "incomeBeforeTax": "1482000000",
            "incomeTaxExpense": "389000000",
            "interestAndDebtExpense": "350000000",
            "netIncomeFromContinuingOperations": "1153000000",
            "comprehensiveIncomeNetOfTax": "2565000000",
            "ebit": "-2198000000",
            "ebitda": "-1724000000",
            "netIncome": "1093000000"
        }
    ]
}