{
    "symbol": "DG",
    "annualReports": [
        {
            "fiscalDateEnding": "2022-01-28",
            "reportedCurrency": "USD",
            "grossProfit": "10813006000",
            "totalRevenue": "34062923000",
            "costOfRevenue": "31002374000",
            "costofGoodsAndServicesSold": "23407443000",
            "operatingIncome": "3220675000",
            "sellingGeneralAndAdministrative": "7592331000",
            "researchAndDevelopment": "None",
            "operatingExpenses": "7594931000",
            "investmentIncomeNet": "None",
            "netInterestIncome": "-157526000",
            "interestIncome": "157526000",
            "interestExpense": "157526000",
            "nonInterestIncome": "34220449000",
            "otherNonOperatingIncome": "None",
            "depreciation": "635900000",
            "depreciationAndAmortization": "641316000",
            "incomeBeforeTax": "3063149000",
            "incomeTaxExpense": "663917000",
            "interestAndDebtExpense": "157526000",
            "netIncomeFromContinuingOperations": "2399232000",
            "comprehensiveIncomeNetOfTax": "2400203000",
            "ebit": "3220675000",
            "ebitda": "3861991000",
            "netIncome": "2399232000"
        },
        {
            "fiscalDateEnding": "2021-01-29",
            "reportedCurrency": "USD",
            "grossProfit": "10718862000",
            "totalRevenue": "33596454000",
            "costOfRevenue": "30194774000",
            "costofGoodsAndServicesSold": "23027977000",
            "operatingIncome": "3554765000",
            "sellingGeneralAndAdministrative": "7164097000",
            "researchAndDevelopment": "None",
            "operatingExpenses": "7166797000",
            "investmentIncomeNet": "None",
            "netInterestIncome": "-150385000",
            "interestIncome": "150385000",
            "interestExpense": "150385000",
            "nonInterestIncome": "33746839000",
            "otherNonOperatingIncome": "None",
            "depreciation": "569300000",
            "depreciationAndAmortization": "574237000",
            "incomeBeforeTax": "3404380000",
            "incomeTaxExpense": "749330000",
            "interestAndDebtExpense": "150385000",
            "netIncomeFromContinuingOperations": "2655050000",
            "comprehensiveIncomeNetOfTax": "2656022000",
            "ebit": "3554765000",
            "ebitda": "4129002000",
            "netIncome": "2655050000"
        },
        {
            "fiscalDateEnding": "2020-01-31",
            "reportedCurrency": "USD",
            "grossProfit": "8489061000",
            "totalRevenue": "27653399000",
            "costOfRevenue": "25455269000",
            "costofGoodsAndServicesSold": "19264912000",
            "operatingIncome": "2302304000",
            "sellingGeneralAndAdministrative": "6186757000",
            "researchAndDevelopment": "None",
            "operatingExpenses": "6190357000",
            "investmentIncomeNet": "None",
            "netInterestIncome": "-100574000",
            "interestIncome": "100574000",
            "interestExpense": "100574000",
            "nonInterestIncome": "27753973000",
            "otherNonOperatingIncome": "None",
            "depreciation": "500400000",
            "depreciationAndAmortization": "504804000",
            "incomeBeforeTax": "2201730000",
            "incomeTaxExpense": "489175000",
            "interestAndDebtExpense": "100574000",
            "netIncomeFromContinuingOperations": "1712555000",
            "comprehensiveIncomeNetOfTax": "1713528000",
            "ebit": "2302304000",
            "ebitda": "2807108000",
            "netIncome": "1712555000"
        },
        {
            "fiscalDateEnding": "2019-02-01",
            "reportedCurrency": "USD",
            "grossProfit": "7803870000",
            "totalRevenue": "25524153000",
            "costOfRevenue": "23512837000",
            "costofGoodsAndServicesSold": "17821173000",
            "operatingIncome": "2116306000",
            "sellingGeneralAndAdministrative": "5687564000",
            "researchAndDevelopment": "None",
            "operatingExpenses": "5691664000",
            "investmentIncomeNet": "None",
            "netInterestIncome": "-99871000",
            "interestIncome": "99871000",
            "interestExpense": "99871000",
            "nonInterestIncome": "25624024000",
            "otherNonOperatingIncome": "-1019000",
            "depreciation": "454100000",
            "depreciationAndAmortization": "454134000",
            "incomeBeforeTax": "2015416000",
            "incomeTaxExpense": "425944000",
            "interestAndDebtExpense": "100890000",
            "netIncomeFromContinuingOperations": "1589472000",
            "comprehensiveIncomeNetOfTax": "1590446000",
            "ebit": "2115287000",
            "ebitda": "2569421000",
            "netIncome": "1589472000"
        },
        {
            "fiscalDateEnding": "2018-02-02",
            "reportedCurrency": "USD",
            "grossProfit": "7221359000",
            "totalRevenue": "23370429000",
            "costOfRevenue": "21470949000",
            "costofGoodsAndServicesSold": "16249608000",
            "operatingIncome": "2007818000",
            "sellingGeneralAndAdministrative": "5213541000",
            "researchAndDevelopment": "None",
            "operatingExpenses": "5221341000",
            "investmentIncomeNet": "None",
            "netInterestIncome": "-97036000",
            "interestIncome": "97036000",
            "interestExpense": "97036000",
            "nonInterestIncome": "23467465000",
            "otherNonOperatingIncome": "-3502000",
            "depreciation": "403300000",
            "depreciationAndAmortization": "404231000",
            "incomeBeforeTax": "1907280000",
            "incomeTaxExpense": "368320000",
            "interestAndDebtExpense": "100538000",
            "netIncomeFromContinuingOperations": "1538960000",
            "comprehensiveIncomeNetOfTax": "1539769000",
            "ebit": "2004316000",
            "ebitda": "2408547000",
            "netIncome": "1538960000"
        }
    ],
    "quarterlyReports": [
        {
            "fiscalDateEnding": "2022-10-28",
            "reportedCurrency": "USD",
            "grossProfit": "2885195000",
            "totalRevenue": "9411210000",
            "costOfRevenue": "8729346000",
            "costofGoodsAndServicesSold": "6579696000",
            "operatingIncome": "735545000",
            "sellingGeneralAndAdministrative": "2149650000",
            "researchAndDevelopment": "None",
            "operatingExpenses": "2149650000",
            "investmentIncomeNet": "None",
            "netInterestIncome": "-53681000",
            "interestIncome": "53681000",
            "interestExpense": "53681000",
            "nonInterestIncome": "9464891000",
            "otherNonOperatingIncome": "-415000",
            "depreciation": "None",
            "depreciationAndAmortization": "182792000",
            "incomeBeforeTax": "681449000",
            "incomeTaxExpense": "155282000",
            "interestAndDebtExpense": "53681000",
            "netIncomeFromContinuingOperations": "526167000",
            "comprehensiveIncomeNetOfTax": "526410000",
            "ebit": "735130000",
            "ebitda": "917922000",
            "netIncome": "526167000"
        },
        {
            "fiscalDateEnding": "2022-07-29",
            "reportedCurrency": "USD",
            "grossProfit": "3048223000",
            "totalRevenue": "9382615000",
            "costOfRevenue": "8512287000",
            "costofGoodsAndServicesSold": "6377490000",
            "operatingIncome": "913426000",
            "sellingGeneralAndAdministrative": "2134797000",
            "researchAndDevelopment": "None",
            "operatingExpenses": "2134797000",
            "investmentIncomeNet": "None",
            "netInterestIncome": "-43098000",
            "interestIncome": "43098000",
            "interestExpense": "43098000",
            "nonInterestIncome": "9425713000",
            "otherNonOperatingIncome": "None",
            "depreciation": "None",
            "depreciationAndAmortization": "177159000",
            "incomeBeforeTax": "870328000",
            "incomeTaxExpense": "192298000",
            "interestAndDebtExpense": "43098000",
            "netIncomeFromContinuingOperations": "678030000",
            "comprehensiveIncomeNetOfTax": "678066000",
            "ebit": "913426000",
            "ebitda": "1090585000",
            "netIncome": "678030000"
        },
        {
            "fiscalDateEnding": "2022-04-29",
            "reportedCurrency": "USD",
            "grossProfit": "2738363000",
            "totalRevenue": "8711676000",
            "costOfRevenue": "8005195000",
            "costofGoodsAndServicesSold": "6012989000",
            "operatingIncome": "746157000",
            "sellingGeneralAndAdministrative": "1992206000",
            "researchAndDevelopment": "None",
            "operatingExpenses": "1992206000",
            "investmentIncomeNet": "None",
            "netInterestIncome": "-39676000",
            "interestIncome": "39676000",
            "interestExpense": "39676000",
            "nonInterestIncome": "8751352000",
            "otherNonOperatingIncome": "None",
            "depreciation": "None",
            "depreciationAndAmortization": "172563000",
            "incomeBeforeTax": "706481000",
            "incomeTaxExpense": "153824000",
            "interestAndDebtExpense": "39676000",
            "netIncomeFromContinuingOperations": "552657000",
            "comprehensiveIncomeNetOfTax": "552847000",
            "ebit": "746157000",
            "ebitda": "918720000",
            "netIncome": "552657000"
        },
        {
            "fiscalDateEnding": "2022-01-28",
            "reportedCurrency": "USD",
            "grossProfit": "2700240000",
            "totalRevenue": "8612942000",
            "costOfRevenue": "7857379000",
            "costofGoodsAndServicesSold": "5951208000",
            "operatingIncome": "796669000",
            "sellingGeneralAndAdministrative": "1903571000",
            "researchAndDevelopment": "None",
            "operatingExpenses": "1906171000",
            "investmentIncomeNet": "None",
            "netInterestIncome": "-38506000",
            "interestIncome": "38506000",
            "interestExpense": "38506000",
            "nonInterestIncome": "8651448000",
            "otherNonOperatingIncome": "None",
            "depreciation": "None",
            "depreciationAndAmortization": "166371000",
            "incomeBeforeTax": "758163000",
            "incomeTaxExpense": "160730000",
            "interestAndDebtExpense": "38506000",
            "netIncomeFromContinuingOperations": "597433000",
            "comprehensiveIncomeNetOfTax": "597676000",
            "ebit": "796669000",
            "ebitda": "963040000",
            "netIncome": "597433000"
        },
        {
            "fiscalDateEnding": "2021-10-29",
            "reportedCurrency": "USD",
            "grossProfit": "2619439000",
            "totalRevenue": "8478641000",
            "costOfRevenue": "7852251000",
            "costofGoodsAndServicesSold": "5898400000",
            "operatingIncome": "665588000",
            "sellingGeneralAndAdministrative": "1953851000",
            "researchAndDevelopment": "None",
            "operatingExpenses": "1953851000",
            "investmentIncomeNet": "None",
            "netInterestIncome": "-39198000",
            "interestIncome": "39198000",
            "interestExpense": "39198000",
            "nonInterestIncome": "8517839000",
            "otherNonOperatingIncome": "None",
            "depreciation": "None",
            "depreciationAndAmortization": "162263000",
            "incomeBeforeTax": "626390000",
            "incomeTaxExpense": "139359000",
            "interestAndDebtExpense": "39198000",
            "netIncomeFromContinuingOperations": "487031000",
            "comprehensiveIncomeNetOfTax": "487274000",
            "ebit": "665588000",
            "ebitda": "827851000",
            "netIncome": "487031000"
        },
        {
            "fiscalDateEnding": "2021-07-30",
            "reportedCurrency": "USD",
            "grossProfit": "2737659000",
            "totalRevenue": "8610768000",
            "costOfRevenue": "7800630000",
            "costofGoodsAndServicesSold": "5912539000",
            "operatingIncome": "849568000",
            "sellingGeneralAndAdministrative": "1888091000",
            "researchAndDevelopment": "None",
            "operatingExpenses": "1888091000",
            "investmentIncomeNet": "None",
            "netInterestIncome": "-39430000",
            "interestIncome": "39430000",
            "interestExpense": "39430000",
            "nonInterestIncome": "8650198000",
            "otherNonOperatingIncome": "None",
            "depreciation": "None",
            "depreciationAndAmortization": "158536000",
            "incomeBeforeTax": "810138000",
            "incomeTaxExpense": "173119000",
            "interestAndDebtExpense": "39430000",
            "netIncomeFromContinuingOperations": "637019000",
            "comprehensiveIncomeNetOfTax": "637262000",
            "ebit": "849568000",
            "ebitda": "1008104000",
            "netIncome": "637019000"
        },
        {
            "fiscalDateEnding": "2021-04-30",
            "reportedCurrency": "USD",
            "grossProfit": "2755668000",
            "totalRevenue": "8360572000",
            "costOfRevenue": "7492114000",
            "costofGoodsAndServicesSold": "5645296000",
            "operatingIncome": "908850000",
            "sellingGeneralAndAdministrative": "1846818000",
            "researchAndDevelopment": "None",
            "operatingExpenses": "1846818000",
            "investmentIncomeNet": "None",
            "netInterestIncome": "-40392000",
            "interestIncome": "40392000",
            "interestExpense": "40392000",
            "nonInterestIncome": "8400964000",
            "otherNonOperatingIncome": "None",
            "depreciation": "None",
            "depreciationAndAmortization": "154146000",
            "incomeBeforeTax": "868458000",
            "incomeTaxExpense": "190709000",
            "interestAndDebtExpense": "40392000",
            "netIncomeFromContinuingOperations": "677749000",
            "comprehensiveIncomeNetOfTax": "677991000",
            "ebit": "908850000",
            "ebitda": "1062996000",
            "netIncome": "677749000"
        },
        {
            "fiscalDateEnding": "2021-01-29",
            "reportedCurrency": "USD",
            "grossProfit": "2736695000",
            "totalRevenue": "8414524000",
            "costOfRevenue": "7545000000",
            "costofGoodsAndServicesSold": "5677829000",
            "operatingIncome": "872224000",
            "sellingGeneralAndAdministrative": "1864471000",
            "researchAndDevelopment": "None",
            "operatingExpenses": "1867171000",
            "investmentIncomeNet": "None",
            "netInterestIncome": "-40268000",
            "interestIncome": "40268000",
            "interestExpense": "40268000",
            "nonInterestIncome": "8414524000",
            "otherNonOperatingIncome": "None",
            "depreciation": "None",
            "depreciationAndAmortization": "149771000",
            "incomeBeforeTax": "831956000",
            "incomeTaxExpense": "189213000",
            "interestAndDebtExpense": "40268000",
            "netIncomeFromContinuingOperations": "872224000",
            "comprehensiveIncomeNetOfTax": "642986000",
            "ebit": "872224000",
            "ebitda": "1021995000",
            "netIncome": "642743000"
        },
        {
            "fiscalDateEnding": "2020-10-30",
            "reportedCurrency": "USD",
            "grossProfit": "2568240000",
            "totalRevenue": "8159327000",
            "costOfRevenue": "7426495000",
            "costofGoodsAndServicesSold": "5631385000",
            "operatingIncome": "773130000",
            "sellingGeneralAndAdministrative": "1795110000",
            "researchAndDevelopment": "None",
            "operatingExpenses": "1795110000",
            "investmentIncomeNet": "None",
            "netInterestIncome": "-40298000",
            "interestIncome": "40298000",
            "interestExpense": "40298000",
            "nonInterestIncome": "8199625000",
            "otherNonOperatingIncome": "None",
            "depreciation": "None",
            "depreciationAndAmortization": "145849000",
            "incomeBeforeTax": "732832000",
            "incomeTaxExpense": "158572000",
            "interestAndDebtExpense": "40298000",
            "netIncomeFromContinuingOperations": "574260000",
            "comprehensiveIncomeNetOfTax": "574503000",
            "ebit": "773130000",
            "ebitda": "918979000",
            "netIncome": "574260000"
        },
        {
            "fiscalDateEnding": "2020-07-31",
            "reportedCurrency": "USD",
            "grossProfit": "2818235000",
            "totalRevenue": "8644915000",
            "costOfRevenue": "7641614000",
            "costofGoodsAndServicesSold": "5866006000",
            "operatingIncome": "1042627000",
            "sellingGeneralAndAdministrative": "1775608000",
            "researchAndDevelopment": "None",
            "operatingExpenses": "1775608000",
            "investmentIncomeNet": "None",
            "netInterestIncome": "-39326000",
            "interestIncome": "39326000",
            "interestExpense": "39326000",
            "nonInterestIncome": "8684241000",
            "otherNonOperatingIncome": "None",
            "depreciation": "None",
            "depreciationAndAmortization": "140962000",
            "incomeBeforeTax": "1003301000",
            "incomeTaxExpense": "215700000",
            "interestAndDebtExpense": "39326000",
            "netIncomeFromContinuingOperations": "787601000",
            "comprehensiveIncomeNetOfTax": "787844000",
            "ebit": "1042627000",
            "ebitda": "1183589000",
            "netIncome": "787601000"
        },
        {
            "fiscalDateEnding": "2020-05-01",
            "reportedCurrency": "USD",
            "grossProfit": "2595692000",
            "totalRevenue": "8448449000",
            "costOfRevenue": "7581665000",
            "costofGoodsAndServicesSold": "5852757000",
            "operatingIncome": "866784000",
            "sellingGeneralAndAdministrative": "1728908000",
            "researchAndDevelopment": "None",
            "operatingExpenses": "1728908000",
            "investmentIncomeNet": "None",
            "netInterestIncome": "-30493000",
            "interestIncome": "30493000",
            "interestExpense": "30493000",
            "nonInterestIncome": "8448449000",
            "otherNonOperatingIncome": "None",
            "depreciation": "None",
            "depreciationAndAmortization": "137655000",
            "incomeBeforeTax": "836291000",
            "incomeTaxExpense": "185845000",
            "interestAndDebtExpense": "30493000",
            "netIncomeFromContinuingOperations": "866784000",
            "comprehensiveIncomeNetOfTax": "650689000",
            "ebit": "866784000",
            "ebitda": "1004439000",
            "netIncome": "650446000"
        },
        {
            "fiscalDateEnding": "2020-01-31",
            "reportedCurrency": "USD",
            "grossProfit": "2272763000",
            "totalRevenue": "7157642000",
            "costOfRevenue": "6440367000",
            "costofGoodsAndServicesSold": "4884879000",
            "operatingIncome": "720875000",
            "sellingGeneralAndAdministrative": "1551888000",
            "researchAndDevelopment": "None",
            "operatingExpenses": "1555488000",
            "investmentIncomeNet": "None",
            "netInterestIncome": "-25567000",
            "interestIncome": "25567000",
            "interestExpense": "25567000",
            "nonInterestIncome": "7157642000",
            "otherNonOperatingIncome": "None",
            "depreciation": "None",
            "depreciationAndAmortization": "132426000",
            "incomeBeforeTax": "695308000",
            "incomeTaxExpense": "159871000",
            "interestAndDebtExpense": "25567000",
            "netIncomeFromContinuingOperations": "720875000",
            "comprehensiveIncomeNetOfTax": "535680000",
            "ebit": "720875000",
            "ebitda": "853301000",
            "netIncome": "535437000"
        },
        {
            "fiscalDateEnding": "2019-11-01",
            "reportedCurrency": "USD",
            "grossProfit": "2065086000",
            "totalRevenue": "6991393000",
            "costOfRevenue": "6499976000",
            "costofGoodsAndServicesSold": "4926307000",
            "operatingIncome": "491417000",
            "sellingGeneralAndAdministrative": "1573669000",
            "researchAndDevelopment": "None",
            "operatingExpenses": "1573669000",
            "investmentIncomeNet": "None",
            "netInterestIncome": "-24264000",
            "interestIncome": "24264000",
            "interestExpense": "24264000",
            "nonInterestIncome": "6991393000",
            "otherNonOperatingIncome": "None",
            "depreciation": "None",
            "depreciationAndAmortization": "126470000",
            "incomeBeforeTax": "467153000",
            "incomeTaxExpense": "101603000",
            "interestAndDebtExpense": "24264000",
            "netIncomeFromContinuingOperations": "491417000",
            "comprehensiveIncomeNetOfTax": "365793000",
            "ebit": "491417000",
            "ebitda": "617887000",
            "netIncome": "365550000"
        },
        {
            "fiscalDateEnding": "2019-08-02",
            "reportedCurrency": "USD",
            "grossProfit": "2148936000",
            "totalRevenue": "6981753000",
            "costOfRevenue": "31000000",
            "costofGoodsAndServicesSold": "4832817000",
            "operatingIncome": "577775000",
            "sellingGeneralAndAdministrative": "1571161000",
            "researchAndDevelopment": "None",
            "operatingExpenses": "31000000",
            "investmentIncomeNet": "None",
            "netInterestIncome": "-24810000",
            "interestIncome": "24810000",
            "interestExpense": "24810000",
            "nonInterestIncome": "6981753000",
            "otherNonOperatingIncome": "None",
            "depreciation": "None",
            "depreciationAndAmortization": "123423000",
            "incomeBeforeTax": "552965000",
            "incomeTaxExpense": "126410000",
            "interestAndDebtExpense": "24810000",
            "netIncomeFromContinuingOperations": "577775000",
            "comprehensiveIncomeNetOfTax": "426798000",
            "ebit": "577775000",
            "ebitda": "701198000",
            "netIncome": "426555000"
        },
        {
            "fiscalDateEnding": "2019-05-03",
            "reportedCurrency": "USD",
            "grossProfit": "2002276000",
            "totalRevenue": "6623185000",
            "costOfRevenue": "6110948000",
            "costofGoodsAndServicesSold": "4620909000",
            "operatingIncome": "512237000",
            "sellingGeneralAndAdministrative": "1490039000",
            "researchAndDevelopment": "None",
            "operatingExpenses": "1490039000",
            "investmentIncomeNet": "None",
            "netInterestIncome": "-25933000",
            "interestIncome": "None",
            "interestExpense": "25933000",
            "nonInterestIncome": "6623185000",
            "otherNonOperatingIncome": "None",
            "depreciation": "None",
            "depreciationAndAmortization": "122485000",
            "incomeBeforeTax": "486304000",
            "incomeTaxExpense": "101291000",
            "interestAndDebtExpense": "25933000",
            "netIncomeFromContinuingOperations": "512237000",
            "comprehensiveIncomeNetOfTax": "385257000",
            "ebit": "512237000",
            "ebitda": "634722000",
            "netIncome": "385013000"
        },
        {
            "fiscalDateEnding": "2019-02-01",
            "reportedCurrency": "USD",
            "grossProfit": "2071689000",
            "totalRevenue": "6649809000",
            "costOfRevenue": "6015406000",
            "costofGoodsAndServicesSold": "4578120000",
            "operatingIncome": "638503000",
            "sellingGeneralAndAdministrative": "1433186000",
            "researchAndDevelopment": "None",
            "operatingExpenses": "1437286000",
            "investmentIncomeNet": "None",
            "netInterestIncome": "-25061000",
            "interestIncome": "None",
            "interestExpense": "25061000",
            "nonInterestIncome": "6649809000",
            "otherNonOperatingIncome": "0",
            "depreciation": "None",
            "depreciationAndAmortization": "117771000",
            "incomeBeforeTax": "613442000",
            "incomeTaxExpense": "130201000",
            "interestAndDebtExpense": "25061000",
            "netIncomeFromContinuingOperations": "638503000",
            "comprehensiveIncomeNetOfTax": "483485000",
            "ebit": "638503000",
            "ebitda": "756274000",
            "netIncome": "483241000"
        },
        {
            "fiscalDateEnding": "2018-11-02",
            "reportedCurrency": "USD",
            "grossProfit": "1895059000",
            "totalRevenue": "6417462000",
            "costOfRevenue": "5975319000",
            "costofGoodsAndServicesSold": "4522403000",
            "operatingIncome": "442143000",
            "sellingGeneralAndAdministrative": "1452916000",
            "researchAndDevelopment": "None",
            "operatingExpenses": "1452916000",
            "investmentIncomeNet": "None",
            "netInterestIncome": "-24586000",
            "interestIncome": "None",
            "interestExpense": "24586000",
            "nonInterestIncome": "6417462000",
            "otherNonOperatingIncome": "0",
            "depreciation": "None",
            "depreciationAndAmortization": "114852000",
            "incomeBeforeTax": "417557000",
            "incomeTaxExpense": "83415000",
            "interestAndDebtExpense": "24586000",
            "netIncomeFromContinuingOperations": "442143000",
            "comprehensiveIncomeNetOfTax": "334385000",
            "ebit": "442143000",
            "ebitda": "556995000",
            "netIncome": "334142000"
        },
        {
            "fiscalDateEnding": "2018-08-03",
            "reportedCurrency": "USD",
            "grossProfit": "1974873000",
            "totalRevenue": "6443309000",
            "costOfRevenue": "5897833000",
            "costofGoodsAndServicesSold": "4468436000",
            "operatingIncome": "545476000",
            "sellingGeneralAndAdministrative": "1429397000",
            "researchAndDevelopment": "None",
            "operatingExpenses": "1429397000",
            "investmentIncomeNet": "None",
            "netInterestIncome": "-25451000",
            "interestIncome": "None",
            "interestExpense": "25451000",
            "nonInterestIncome": "6443309000",
            "otherNonOperatingIncome": "-1019000",
            "depreciation": "None",
            "depreciationAndAmortization": "112176000",
            "incomeBeforeTax": "519006000",
            "incomeTaxExpense": "111769000",
            "interestAndDebtExpense": "25451000",
            "netIncomeFromContinuingOperations": "545476000",
            "comprehensiveIncomeNetOfTax": "407481000",
            "ebit": "544457000",
            "ebitda": "656633000",
            "netIncome": "407237000"
        },
        {
            "fiscalDateEnding": "2018-05-04",
            "reportedCurrency": "USD",
            "grossProfit": "1862249000",
            "totalRevenue": "6114463000",
            "costOfRevenue": "5624279000",
            "costofGoodsAndServicesSold": "4252214000",
            "operatingIncome": "490184000",
            "sellingGeneralAndAdministrative": "1372065000",
            "researchAndDevelopment": "None",
            "operatingExpenses": "1372065000",
            "investmentIncomeNet": "None",
            "netInterestIncome": "-24773000",
            "interestIncome": "None",
            "interestExpense": "24773000",
            "nonInterestIncome": "6114463000",
            "otherNonOperatingIncome": "None",
            "depreciation": "None",
            "depreciationAndAmortization": "109335000",
            "incomeBeforeTax": "465411000",
            "incomeTaxExpense": "100559000",
            "interestAndDebtExpense": "24773000",
            "netIncomeFromContinuingOperations": "490184000",
            "comprehensiveIncomeNetOfTax": "365095000",
            "ebit": "490184000",
            "ebitda": "599519000",
            "netIncome": "364852000"
        },
        {
            "fiscalDateEnding": "2018-02-02",
            "reportedCurrency": "USD",
            "grossProfit": "1965398000",
            "totalRevenue": "6129431000",
            "costOfRevenue": "5513785000",
            "costofGoodsAndServicesSold": "4164033000",
            "operatingIncome": "623446000",
            "sellingGeneralAndAdministrative": "1341952000",
            "researchAndDevelopment": "None",
            "operatingExpenses": "1349752000",
            "investmentIncomeNet": "None",
            "netInterestIncome": "-24289000",
            "interestIncome": "None",
            "interestExpense": "24289000",
            "nonInterestIncome": "6129431000",
            "otherNonOperatingIncome": "0",
            "depreciation": "None",
            "depreciationAndAmortization": "105660000",
            "incomeBeforeTax": "599157000",
            "incomeTaxExpense": "-112998000",
            "interestAndDebtExpense": "24289000",
            "netIncomeFromContinuingOperations": "623446000",
            "comprehensiveIncomeNetOfTax": "712357000",
            "ebit": "623446000",
            "ebitda": "729106000",
            "netIncome": "712155000"
        }
    ]
}