{
    "symbol": "DVA",
    "annualReports": [
        {
            "fiscalDateEnding": "2022-12-31",
            "reportedCurrency": "USD",
            "grossProfit": "9522095000",
            "totalRevenue": "11609894000",
            "costOfRevenue": "2087799000",
            "costofGoodsAndServicesSold": "8209553000",
            "operatingIncome": "1339062000",
            "sellingGeneralAndAdministrative": "1355197000",
            "researchAndDevelopment": "None",
            "operatingExpenses": "2059794000",
            "investmentIncomeNet": "None",
            "netInterestIncome": "-364700000",
            "interestIncome": "357019000",
            "interestExpense": "364700000",
            "nonInterestIncome": "0",
            "otherNonOperatingIncome": "-15765000",
            "depreciation": "None",
            "depreciationAndAmortization": "732602000",
            "incomeBeforeTax": "758487000",
            "incomeTaxExpense": "198087000",
            "interestAndDebtExpense": "357019000",
            "netIncomeFromContinuingOperations": "546948000",
            "comprehensiveIncomeNetOfTax": "630461000",
            "ebit": "1339062000",
            "ebitda": "1855789000",
            "netIncome": "560400000"
        },
        {
            "fiscalDateEnding": "2021-12-31",
            "reportedCurrency": "USD",
            "grossProfit": "9742847000",
            "totalRevenue": "11618797000",
            "costOfRevenue": "1875950000",
            "costofGoodsAndServicesSold": "7972414000",
            "operatingIncome": "1797370000",
            "sellingGeneralAndAdministrative": "1195335000",
            "researchAndDevelopment": "None",
            "operatingExpenses": "1858813000",
            "investmentIncomeNet": "None",
            "netInterestIncome": "-296312000",
            "interestIncome": "285254000",
            "interestExpense": "296312000",
            "nonInterestIncome": "0",
            "otherNonOperatingIncome": "6378000",
            "depreciation": "None",
            "depreciationAndAmortization": "680615000",
            "incomeBeforeTax": "1285182000",
            "incomeTaxExpense": "306732000",
            "interestAndDebtExpense": "285254000",
            "netIncomeFromContinuingOperations": "978450000",
            "comprehensiveIncomeNetOfTax": "905357000",
            "ebit": "1797370000",
            "ebitda": "2262109000",
            "netIncome": "978450000"
        },
        {
            "fiscalDateEnding": "2020-12-31",
            "reportedCurrency": "USD",
            "grossProfit": "9672585000",
            "totalRevenue": "11550604000",
            "costOfRevenue": "1878019000",
            "costofGoodsAndServicesSold": "7988613000",
            "operatingIncome": "1694636000",
            "sellingGeneralAndAdministrative": "1247584000",
            "researchAndDevelopment": "None",
            "operatingExpenses": "1859970000",
            "investmentIncomeNet": "None",
            "netInterestIncome": "-315297000",
            "interestIncome": "304111000",
            "interestExpense": "315297000",
            "nonInterestIncome": "11023457000",
            "otherNonOperatingIncome": "16759000",
            "depreciation": "None",
            "depreciationAndAmortization": "630435000",
            "incomeBeforeTax": "1087574000",
            "incomeTaxExpense": "313932000",
            "interestAndDebtExpense": "304111000",
            "netIncomeFromContinuingOperations": "783295000",
            "comprehensiveIncomeNetOfTax": "754986000",
            "ebit": "1694636000",
            "ebitda": "2033306000",
            "netIncome": "773642000"
        },
        {
            "fiscalDateEnding": "2019-12-31",
            "reportedCurrency": "USD",
            "grossProfit": "9545123000",
            "totalRevenue": "11388479000",
            "costOfRevenue": "1843356000",
            "costofGoodsAndServicesSold": "7914485000",
            "operatingIncome": "1643317000",
            "sellingGeneralAndAdministrative": "1103312000",
            "researchAndDevelopment": "None",
            "operatingExpenses": "1822523000",
            "investmentIncomeNet": "None",
            "netInterestIncome": "-461893000",
            "interestIncome": "443824000",
            "interestExpense": "461893000",
            "nonInterestIncome": "10918421000",
            "otherNonOperatingIncome": "29348000",
            "depreciation": "None",
            "depreciationAndAmortization": "615152000",
            "incomeBeforeTax": "1090609000",
            "incomeTaxExpense": "279628000",
            "interestAndDebtExpense": "443824000",
            "netIncomeFromContinuingOperations": "706832000",
            "comprehensiveIncomeNetOfTax": "798407000",
            "ebit": "1643317000",
            "ebitda": "2167654000",
            "netIncome": "810981000"
        },
        {
            "fiscalDateEnding": "2018-12-31",
            "reportedCurrency": "USD",
            "grossProfit": "9616381000",
            "totalRevenue": "11404851000",
            "costOfRevenue": "1788470000",
            "costofGoodsAndServicesSold": "8195513000",
            "operatingIncome": "1525824000",
            "sellingGeneralAndAdministrative": "1135454000",
            "researchAndDevelopment": "None",
            "operatingExpenses": "1720567000",
            "investmentIncomeNet": "None",
            "netInterestIncome": "-487875000",
            "interestIncome": "487435000",
            "interestExpense": "487875000",
            "nonInterestIncome": "10770584000",
            "otherNonOperatingIncome": "10089000",
            "depreciation": "None",
            "depreciationAndAmortization": "591035000",
            "incomeBeforeTax": "417794000",
            "incomeTaxExpense": "258400000",
            "interestAndDebtExpense": "487435000",
            "netIncomeFromContinuingOperations": "624321000",
            "comprehensiveIncomeNetOfTax": "119603000",
            "ebit": "1525824000",
            "ebitda": "1496704000",
            "netIncome": "159394000"
        }
    ],
    "quarterlyReports": [
        {
            "fiscalDateEnding": "2022-12-31",
            "reportedCurrency": "USD",
            "grossProfit": "2343109000",
            "totalRevenue": "2916888000",
            "costOfRevenue": "573779000",
            "costofGoodsAndServicesSold": "2088681000",
            "operatingIncome": "256252000",
            "sellingGeneralAndAdministrative": "379711000",
            "researchAndDevelopment": "None",
            "operatingExpenses": "545774000",
            "investmentIncomeNet": "None",
            "netInterestIncome": "-100962000",
            "interestIncome": "100962000",
            "interestExpense": "100962000",
            "nonInterestIncome": "None",
            "otherNonOperatingIncome": "-7797000",
            "depreciation": "None",
            "depreciationAndAmortization": "194068000",
            "incomeBeforeTax": "102433000",
            "incomeTaxExpense": "34330000",
            "interestAndDebtExpense": "100962000",
            "netIncomeFromContinuingOperations": "-108080000",
            "comprehensiveIncomeNetOfTax": "134468000",
            "ebit": "256252000",
            "ebitda": "450320000",
            "netIncome": "68103000"
        },
        {
            "fiscalDateEnding": "2022-09-30",
            "reportedCurrency": "USD",
            "grossProfit": "2388833000",
            "totalRevenue": "2948694000",
            "costOfRevenue": "559861000",
            "costofGoodsAndServicesSold": "2085555000",
            "operatingIncome": "311787000",
            "sellingGeneralAndAdministrative": "365447000",
            "researchAndDevelopment": "None",
            "operatingExpenses": "559861000",
            "investmentIncomeNet": "None",
            "netInterestIncome": "-99680000",
            "interestIncome": "99680000",
            "interestExpense": "99680000",
            "nonInterestIncome": "None",
            "otherNonOperatingIncome": "-4898000",
            "depreciation": "None",
            "depreciationAndAmortization": "194414000",
            "incomeBeforeTax": "147881000",
            "incomeTaxExpense": "42515000",
            "interestAndDebtExpense": "99680000",
            "netIncomeFromContinuingOperations": "164694000",
            "comprehensiveIncomeNetOfTax": "81611000",
            "ebit": "311787000",
            "ebitda": "506201000",
            "netIncome": "105366000"
        },
        {
            "fiscalDateEnding": "2022-06-30",
            "reportedCurrency": "USD",
            "grossProfit": "2440362000",
            "totalRevenue": "2926757000",
            "costOfRevenue": "486395000",
            "costofGoodsAndServicesSold": "2016788000",
            "operatingIncome": "432715000",
            "sellingGeneralAndAdministrative": "315219000",
            "researchAndDevelopment": "None",
            "operatingExpenses": "486395000",
            "investmentIncomeNet": "None",
            "netInterestIncome": "-82586000",
            "interestIncome": "82586000",
            "interestExpense": "82586000",
            "nonInterestIncome": "None",
            "otherNonOperatingIncome": "-1284000",
            "depreciation": "None",
            "depreciationAndAmortization": "171176000",
            "incomeBeforeTax": "289038000",
            "incomeTaxExpense": "64229000",
            "interestAndDebtExpense": "82586000",
            "netIncomeFromContinuingOperations": "284616000",
            "comprehensiveIncomeNetOfTax": "147883000",
            "ebit": "432715000",
            "ebitda": "603891000",
            "netIncome": "224809000"
        },
        {
            "fiscalDateEnding": "2022-03-31",
            "reportedCurrency": "USD",
            "grossProfit": "2349791000",
            "totalRevenue": "2817555000",
            "costOfRevenue": "467764000",
            "costofGoodsAndServicesSold": "2018529000",
            "operatingIncome": "338308000",
            "sellingGeneralAndAdministrative": "294820000",
            "researchAndDevelopment": "None",
            "operatingExpenses": "467764000",
            "investmentIncomeNet": "None",
            "netInterestIncome": "-73791000",
            "interestIncome": "73791000",
            "interestExpense": "73791000",
            "nonInterestIncome": "None",
            "otherNonOperatingIncome": "-1786000",
            "depreciation": "None",
            "depreciationAndAmortization": "172944000",
            "incomeBeforeTax": "219135000",
            "incomeTaxExpense": "57013000",
            "interestAndDebtExpense": "73791000",
            "netIncomeFromContinuingOperations": "205718000",
            "comprehensiveIncomeNetOfTax": "266499000",
            "ebit": "338308000",
            "ebitda": "511252000",
            "netIncome": "162122000"
        },
        {
            "fiscalDateEnding": "2021-12-31",
            "reportedCurrency": "USD",
            "grossProfit": "2446481000",
            "totalRevenue": "2943967000",
            "costOfRevenue": "497486000",
            "costofGoodsAndServicesSold": "2060218000",
            "operatingIncome": "389415000",
            "sellingGeneralAndAdministrative": "322723000",
            "researchAndDevelopment": "None",
            "operatingExpenses": "480349000",
            "investmentIncomeNet": "None",
            "netInterestIncome": "-72087000",
            "interestIncome": "72087000",
            "interestExpense": "72087000",
            "nonInterestIncome": "0",
            "otherNonOperatingIncome": "-2388000",
            "depreciation": "None",
            "depreciationAndAmortization": "174763000",
            "incomeBeforeTax": "252981000",
            "incomeTaxExpense": "65508000",
            "interestAndDebtExpense": "72087000",
            "netIncomeFromContinuingOperations": "187473000",
            "comprehensiveIncomeNetOfTax": "167976000",
            "ebit": "389415000",
            "ebitda": "564178000",
            "netIncome": "187473000"
        },
        {
            "fiscalDateEnding": "2021-09-30",
            "reportedCurrency": "USD",
            "grossProfit": "2474762000",
            "totalRevenue": "2938319000",
            "costOfRevenue": "463557000",
            "costofGoodsAndServicesSold": "2008589000",
            "operatingIncome": "474877000",
            "sellingGeneralAndAdministrative": "293095000",
            "researchAndDevelopment": "None",
            "operatingExpenses": "463557000",
            "investmentIncomeNet": "None",
            "netInterestIncome": "-72829000",
            "interestIncome": "72829000",
            "interestExpense": "72829000",
            "nonInterestIncome": "0",
            "otherNonOperatingIncome": "-7590000",
            "depreciation": "None",
            "depreciationAndAmortization": "170462000",
            "incomeBeforeTax": "334458000",
            "incomeTaxExpense": "74704000",
            "interestAndDebtExpense": "72829000",
            "netIncomeFromContinuingOperations": "259754000",
            "comprehensiveIncomeNetOfTax": "205903000",
            "ebit": "474877000",
            "ebitda": "645339000",
            "netIncome": "259754000"
        },
        {
            "fiscalDateEnding": "2021-06-30",
            "reportedCurrency": "USD",
            "grossProfit": "2448730000",
            "totalRevenue": "2916510000",
            "costOfRevenue": "467780000",
            "costofGoodsAndServicesSold": "1965277000",
            "operatingIncome": "490476000",
            "sellingGeneralAndAdministrative": "298091000",
            "researchAndDevelopment": "None",
            "operatingExpenses": "467780000",
            "investmentIncomeNet": "None",
            "netInterestIncome": "-73324000",
            "interestIncome": "73324000",
            "interestExpense": "73324000",
            "nonInterestIncome": "0",
            "otherNonOperatingIncome": "15188000",
            "depreciation": "None",
            "depreciationAndAmortization": "169689000",
            "incomeBeforeTax": "375129000",
            "incomeTaxExpense": "81309000",
            "interestAndDebtExpense": "73324000",
            "netIncomeFromContinuingOperations": "293820000",
            "comprehensiveIncomeNetOfTax": "350704000",
            "ebit": "490476000",
            "ebitda": "660165000",
            "netIncome": "293820000"
        },
        {
            "fiscalDateEnding": "2021-03-31",
            "reportedCurrency": "USD",
            "grossProfit": "2372874000",
            "totalRevenue": "2820001000",
            "costOfRevenue": "447127000",
            "costofGoodsAndServicesSold": "1938330000",
            "operatingIncome": "442602000",
            "sellingGeneralAndAdministrative": "281426000",
            "researchAndDevelopment": "None",
            "operatingExpenses": "447127000",
            "investmentIncomeNet": "None",
            "netInterestIncome": "-67014000",
            "interestIncome": "67014000",
            "interestExpense": "67014000",
            "nonInterestIncome": "0",
            "otherNonOperatingIncome": "1168000",
            "depreciation": "None",
            "depreciationAndAmortization": "165701000",
            "incomeBeforeTax": "322614000",
            "incomeTaxExpense": "85211000",
            "interestAndDebtExpense": "67014000",
            "netIncomeFromContinuingOperations": "237403000",
            "comprehensiveIncomeNetOfTax": "180774000",
            "ebit": "442602000",
            "ebitda": "608303000",
            "netIncome": "237403000"
        },
        {
            "fiscalDateEnding": "2020-12-31",
            "reportedCurrency": "USD",
            "grossProfit": "2905322000",
            "totalRevenue": "2905322000",
            "costOfRevenue": "343491000",
            "costofGoodsAndServicesSold": "2056881000",
            "operatingIncome": "381671000",
            "sellingGeneralAndAdministrative": "182005000",
            "researchAndDevelopment": "None",
            "operatingExpenses": "325442000",
            "investmentIncomeNet": "None",
            "netInterestIncome": "-60469000",
            "interestIncome": "60469000",
            "interestExpense": "60469000",
            "nonInterestIncome": "11039709000",
            "otherNonOperatingIncome": "6169000",
            "depreciation": "None",
            "depreciationAndAmortization": "161486000",
            "incomeBeforeTax": "247141000",
            "incomeTaxExpense": "73368000",
            "interestAndDebtExpense": "60469000",
            "netIncomeFromContinuingOperations": "193406000",
            "comprehensiveIncomeNetOfTax": "230149000",
            "ebit": "381671000",
            "ebitda": "543157000",
            "netIncome": "173773000"
        },
        {
            "fiscalDateEnding": "2020-09-30",
            "reportedCurrency": "USD",
            "grossProfit": "2378051000",
            "totalRevenue": "2924066000",
            "costOfRevenue": "546015000",
            "costofGoodsAndServicesSold": "1971719000",
            "operatingIncome": "437669000",
            "sellingGeneralAndAdministrative": "389121000",
            "researchAndDevelopment": "None",
            "operatingExpenses": "546015000",
            "investmentIncomeNet": "None",
            "netInterestIncome": "-159732000",
            "interestIncome": "73658000",
            "interestExpense": "73658000",
            "nonInterestIncome": "0",
            "otherNonOperatingIncome": "5395000",
            "depreciation": "None",
            "depreciationAndAmortization": "156894000",
            "incomeBeforeTax": "224466000",
            "incomeTaxExpense": "65792000",
            "interestAndDebtExpense": "73658000",
            "netIncomeFromContinuingOperations": "158674000",
            "comprehensiveIncomeNetOfTax": "171251000",
            "ebit": "437669000",
            "ebitda": "594563000",
            "netIncome": "158674000"
        },
        {
            "fiscalDateEnding": "2020-06-30",
            "reportedCurrency": "USD",
            "grossProfit": "2406394000",
            "totalRevenue": "2879979000",
            "costOfRevenue": "473585000",
            "costofGoodsAndServicesSold": "1984564000",
            "operatingIncome": "409920000",
            "sellingGeneralAndAdministrative": "316209000",
            "researchAndDevelopment": "None",
            "operatingExpenses": "473585000",
            "investmentIncomeNet": "None",
            "netInterestIncome": "-81381000",
            "interestIncome": "81381000",
            "interestExpense": "81381000",
            "nonInterestIncome": "-16252000",
            "otherNonOperatingIncome": "9545000",
            "depreciation": "None",
            "depreciationAndAmortization": "157376000",
            "incomeBeforeTax": "284814000",
            "incomeTaxExpense": "83212000",
            "interestAndDebtExpense": "81381000",
            "netIncomeFromContinuingOperations": "201602000",
            "comprehensiveIncomeNetOfTax": "207020000",
            "ebit": "409920000",
            "ebitda": "567296000",
            "netIncome": "201602000"
        },
        {
            "fiscalDateEnding": "2020-03-31",
            "reportedCurrency": "USD",
            "grossProfit": "2422982000",
            "totalRevenue": "2841237000",
            "costOfRevenue": "418255000",
            "costofGoodsAndServicesSold": "1975449000",
            "operatingIncome": "465376000",
            "sellingGeneralAndAdministrative": "263576000",
            "researchAndDevelopment": "None",
            "operatingExpenses": "408766000",
            "investmentIncomeNet": "None",
            "netInterestIncome": "-3603000",
            "interestIncome": "88603000",
            "interestExpense": "3603000",
            "nonInterestIncome": "0",
            "otherNonOperatingIncome": "-4350000",
            "depreciation": "None",
            "depreciationAndAmortization": "154679000",
            "incomeBeforeTax": "331153000",
            "incomeTaxExpense": "91560000",
            "interestAndDebtExpense": "88603000",
            "netIncomeFromContinuingOperations": "229613000",
            "comprehensiveIncomeNetOfTax": "146566000",
            "ebit": "465376000",
            "ebitda": "489435000",
            "netIncome": "239593000"
        },
        {
            "fiscalDateEnding": "2019-12-31",
            "reportedCurrency": "USD",
            "grossProfit": "2898584000",
            "totalRevenue": "2898584000",
            "costOfRevenue": "436892000",
            "costofGoodsAndServicesSold": "2000625000",
            "operatingIncome": "462588000",
            "sellingGeneralAndAdministrative": "278425000",
            "researchAndDevelopment": "None",
            "operatingExpenses": "429962000",
            "investmentIncomeNet": "None",
            "netInterestIncome": "-450600000",
            "interestIncome": "92050000",
            "interestExpense": "450600000",
            "nonInterestIncome": "2768035000",
            "otherNonOperatingIncome": "11485000",
            "depreciation": "None",
            "depreciationAndAmortization": "158467000",
            "incomeBeforeTax": "326561000",
            "incomeTaxExpense": "81690000",
            "interestAndDebtExpense": "92050000",
            "netIncomeFromContinuingOperations": "242242000",
            "comprehensiveIncomeNetOfTax": "274977000",
            "ebit": "462588000",
            "ebitda": "935628000",
            "netIncome": "244871000"
        },
        {
            "fiscalDateEnding": "2019-09-30",
            "reportedCurrency": "USD",
            "grossProfit": "2365572000",
            "totalRevenue": "2904078000",
            "costOfRevenue": "538506000",
            "costofGoodsAndServicesSold": "1991172000",
            "operatingIncome": "378336000",
            "sellingGeneralAndAdministrative": "298736000",
            "researchAndDevelopment": "None",
            "operatingExpenses": "538506000",
            "investmentIncomeNet": "None",
            "netInterestIncome": "-3803000",
            "interestIncome": "88589000",
            "interestExpense": "3803000",
            "nonInterestIncome": "2781169000",
            "otherNonOperatingIncome": "5280000",
            "depreciation": "None",
            "depreciationAndAmortization": "155915000",
            "incomeBeforeTax": "208524000",
            "incomeTaxExpense": "65254000",
            "interestAndDebtExpense": "88589000",
            "netIncomeFromContinuingOperations": "150113000",
            "comprehensiveIncomeNetOfTax": "99277000",
            "ebit": "378336000",
            "ebitda": "368242000",
            "netIncome": "143270000"
        },
        {
            "fiscalDateEnding": "2019-06-30",
            "reportedCurrency": "USD",
            "grossProfit": "2415125000",
            "totalRevenue": "2842705000",
            "costOfRevenue": "427580000",
            "costofGoodsAndServicesSold": "1957753000",
            "operatingIncome": "461886000",
            "sellingGeneralAndAdministrative": "275338000",
            "researchAndDevelopment": "None",
            "operatingExpenses": "427580000",
            "investmentIncomeNet": "None",
            "netInterestIncome": "-3715000",
            "interestIncome": "131666000",
            "interestExpense": "3715000",
            "nonInterestIncome": "2734065000",
            "otherNonOperatingIncome": "5643000",
            "depreciation": "None",
            "depreciationAndAmortization": "152242000",
            "incomeBeforeTax": "349489000",
            "incomeTaxExpense": "75938000",
            "interestAndDebtExpense": "131666000",
            "netIncomeFromContinuingOperations": "194223000",
            "comprehensiveIncomeNetOfTax": "287491000",
            "ebit": "461886000",
            "ebitda": "505446000",
            "netIncome": "273551000"
        },
        {
            "fiscalDateEnding": "2019-03-31",
            "reportedCurrency": "USD",
            "grossProfit": "2302734000",
            "totalRevenue": "2743112000",
            "costOfRevenue": "440378000",
            "costofGoodsAndServicesSold": "1964935000",
            "operatingIncome": "340507000",
            "sellingGeneralAndAdministrative": "250813000",
            "researchAndDevelopment": "None",
            "operatingExpenses": "440378000",
            "investmentIncomeNet": "None",
            "netInterestIncome": "-3775000",
            "interestIncome": "131519000",
            "interestExpense": "3775000",
            "nonInterestIncome": "2635152000",
            "otherNonOperatingIncome": "6940000",
            "depreciation": "None",
            "depreciationAndAmortization": "148528000",
            "incomeBeforeTax": "206035000",
            "incomeTaxExpense": "56746000",
            "interestAndDebtExpense": "131519000",
            "netIncomeFromContinuingOperations": "120254000",
            "comprehensiveIncomeNetOfTax": "136662000",
            "ebit": "340507000",
            "ebitda": "358338000",
            "netIncome": "149289000"
        },
        {
            "fiscalDateEnding": "2018-12-31",
            "reportedCurrency": "USD",
            "grossProfit": "2821124000",
            "totalRevenue": "2821124000",
            "costOfRevenue": "465226000",
            "costofGoodsAndServicesSold": "2027069000",
            "operatingIncome": "387908000",
            "sellingGeneralAndAdministrative": "268532000",
            "researchAndDevelopment": "None",
            "operatingExpenses": "437074000",
            "investmentIncomeNet": "None",
            "netInterestIncome": "None",
            "interestIncome": "None",
            "interestExpense": "128300000",
            "nonInterestIncome": "2757955000",
            "otherNonOperatingIncome": "-494000",
            "depreciation": "None",
            "depreciationAndAmortization": "155157000",
            "incomeBeforeTax": "-98024000",
            "incomeTaxExpense": "51748000",
            "interestAndDebtExpense": "128300000",
            "netIncomeFromContinuingOperations": "160332000",
            "comprehensiveIncomeNetOfTax": "-155587000",
            "ebit": "387908000",
            "ebitda": "543065000",
            "netIncome": "-149772000"
        },
        {
            "fiscalDateEnding": "2018-09-30",
            "reportedCurrency": "USD",
            "grossProfit": "2365031000",
            "totalRevenue": "2847330000",
            "costOfRevenue": "482299000",
            "costofGoodsAndServicesSold": "2063770000",
            "operatingIncome": "289038000",
            "sellingGeneralAndAdministrative": "336299000",
            "researchAndDevelopment": "None",
            "operatingExpenses": "484605000",
            "investmentIncomeNet": "None",
            "netInterestIncome": "None",
            "interestIncome": "None",
            "interestExpense": "125927000",
            "nonInterestIncome": "2669195000",
            "otherNonOperatingIncome": "4007000",
            "depreciation": "None",
            "depreciationAndAmortization": "146000000",
            "incomeBeforeTax": "-84749000",
            "incomeTaxExpense": "52047000",
            "interestAndDebtExpense": "125927000",
            "netIncomeFromContinuingOperations": "73371000",
            "comprehensiveIncomeNetOfTax": "-143980000",
            "ebit": "289038000",
            "ebitda": "435038000",
            "netIncome": "-136796000"
        },
        {
            "fiscalDateEnding": "2018-06-30",
            "reportedCurrency": "USD",
            "grossProfit": "2472674000",
            "totalRevenue": "2886953000",
            "costOfRevenue": "414279000",
            "costofGoodsAndServicesSold": "2069089000",
            "operatingIncome": "438192000",
            "sellingGeneralAndAdministrative": "264094000",
            "researchAndDevelopment": "None",
            "operatingExpenses": "378222000",
            "investmentIncomeNet": "None",
            "netInterestIncome": "None",
            "interestIncome": "None",
            "interestExpense": "119692000",
            "nonInterestIncome": "2752360000",
            "otherNonOperatingIncome": "1994000",
            "depreciation": "None",
            "depreciationAndAmortization": "147079000",
            "incomeBeforeTax": "351144000",
            "incomeTaxExpense": "83868000",
            "interestAndDebtExpense": "119692000",
            "netIncomeFromContinuingOperations": "199603000",
            "comprehensiveIncomeNetOfTax": "218016000",
            "ebit": "438192000",
            "ebitda": "585271000",
            "netIncome": "267276000"
        },
        {
            "fiscalDateEnding": "2018-03-31",
            "reportedCurrency": "USD",
            "grossProfit": "2440116000",
            "totalRevenue": "2849444000",
            "costOfRevenue": "409328000",
            "costofGoodsAndServicesSold": "2035585000",
            "operatingIncome": "410686000",
            "sellingGeneralAndAdministrative": "266529000",
            "researchAndDevelopment": "None",
            "operatingExpenses": "403328000",
            "investmentIncomeNet": "None",
            "netInterestIncome": "None",
            "interestIncome": "None",
            "interestExpense": "113516000",
            "nonInterestIncome": "0",
            "otherNonOperatingIncome": "4582000",
            "depreciation": "None",
            "depreciationAndAmortization": "142799000",
            "incomeBeforeTax": "249423000",
            "incomeTaxExpense": "70737000",
            "interestAndDebtExpense": "113516000",
            "netIncomeFromContinuingOperations": "191015000",
            "comprehensiveIncomeNetOfTax": "201154000",
            "ebit": "410686000",
            "ebitda": "553485000",
            "netIncome": "178686000"
        }
    ]
}