{
    "symbol": "ETR",
    "annualReports": [
        {
            "fiscalDateEnding": "2022-12-31",
            "reportedCurrency": "USD",
            "grossProfit": "9457789000",
            "totalRevenue": "12477921000",
            "costOfRevenue": "3020132000",
            "costofGoodsAndServicesSold": "8488886000",
            "operatingIncome": "2050775000",
            "sellingGeneralAndAdministrative": "799001000",
            "researchAndDevelopment": "None",
            "operatingExpenses": "2646053000",
            "investmentIncomeNet": "-75581000",
            "netInterestIncome": "-912237000",
            "interestIncome": "987818000",
            "interestExpense": "912237000",
            "nonInterestIncome": "13764237000",
            "otherNonOperatingIncome": "-77629000",
            "depreciation": "None",
            "depreciationAndAmortization": "1774516000",
            "incomeBeforeTax": "1064188000",
            "incomeTaxExpense": "-38978000",
            "interestAndDebtExpense": "912237000",
            "netIncomeFromContinuingOperations": "1097138000",
            "comprehensiveIncomeNetOfTax": "1243940000",
            "ebit": "1976425000",
            "ebitda": "3750941000",
            "netIncome": "1103166000"
        },
        {
            "fiscalDateEnding": "2021-12-31",
            "reportedCurrency": "USD",
            "grossProfit": "8071977000",
            "totalRevenue": "10993915000",
            "costOfRevenue": "2921938000",
            "costofGoodsAndServicesSold": "6871030000",
            "operatingIncome": "1845626000",
            "sellingGeneralAndAdministrative": "729357000",
            "researchAndDevelopment": "None",
            "operatingExpenses": "3007651000",
            "investmentIncomeNet": "430466000",
            "netInterestIncome": "-834694000",
            "interestIncome": "404228000",
            "interestExpense": "834694000",
            "nonInterestIncome": "11742896000",
            "otherNonOperatingIncome": "-201778000",
            "depreciation": "None",
            "depreciationAndAmortization": "1696769000",
            "incomeBeforeTax": "1309866000",
            "incomeTaxExpense": "191374000",
            "interestAndDebtExpense": "834694000",
            "netIncomeFromContinuingOperations": "1118719000",
            "comprehensiveIncomeNetOfTax": "1235171000",
            "ebit": "2144560000",
            "ebitda": "3841329000",
            "netIncome": "1118492000"
        },
        {
            "fiscalDateEnding": "2019-12-31",
            "reportedCurrency": "USD",
            "grossProfit": "7268632000",
            "totalRevenue": "10116334000",
            "costOfRevenue": "2847702000",
            "costofGoodsAndServicesSold": "6699806000",
            "operatingIncome": "1390497000",
            "sellingGeneralAndAdministrative": "643745000",
            "researchAndDevelopment": "None",
            "operatingExpenses": "2827788000",
            "investmentIncomeNet": "547912000",
            "netInterestIncome": "-742425000",
            "interestIncome": "547912000",
            "interestExpense": "742425000",
            "nonInterestIncome": "10878673000",
            "otherNonOperatingIncome": "-252539000",
            "depreciation": "None",
            "depreciationAndAmortization": "1480016000",
            "incomeBeforeTax": "1071401000",
            "incomeTaxExpense": "-169825000",
            "interestAndDebtExpense": "742425000",
            "netIncomeFromContinuingOperations": "1258244000",
            "comprehensiveIncomeNetOfTax": "1358285000",
            "ebit": "1813826000",
            "ebitda": "3293842000",
            "netIncome": "1241226000"
        },
        {
            "fiscalDateEnding": "2018-12-31",
            "reportedCurrency": "USD",
            "grossProfit": "7215677000",
            "totalRevenue": "10266398000",
            "costOfRevenue": "3050721000",
            "costofGoodsAndServicesSold": "7839136000",
            "operatingIncome": "469365000",
            "sellingGeneralAndAdministrative": "689752000",
            "researchAndDevelopment": "None",
            "operatingExpenses": "3015015000",
            "investmentIncomeNet": "63864000",
            "netInterestIncome": "-707348000",
            "interestIncome": "63864000",
            "interestExpense": "707348000",
            "nonInterestIncome": "11009452000",
            "otherNonOperatingIncome": "-129754000",
            "depreciation": "None",
            "depreciationAndAmortization": "1369442000",
            "incomeBeforeTax": "-188165000",
            "incomeTaxExpense": "-1036826000",
            "interestAndDebtExpense": "707348000",
            "netIncomeFromContinuingOperations": "862555000",
            "comprehensiveIncomeNetOfTax": "932131000",
            "ebit": "519183000",
            "ebitda": "1888625000",
            "netIncome": "848661000"
        },
        {
            "fiscalDateEnding": "2017-12-31",
            "reportedCurrency": "USD",
            "grossProfit": "6157631000",
            "totalRevenue": "10431687000",
            "costOfRevenue": "4274056000",
            "costofGoodsAndServicesSold": "1427950000",
            "operatingIncome": "1360407000",
            "sellingGeneralAndAdministrative": "670656000",
            "researchAndDevelopment": "None",
            "operatingExpenses": "9831069000",
            "investmentIncomeNet": "288197000",
            "netInterestIncome": "-662343000",
            "interestIncome": "None",
            "interestExpense": "662343000",
            "nonInterestIncome": "16270000",
            "otherNonOperatingIncome": "-113426000",
            "depreciation": "1389978000",
            "depreciationAndAmortization": "1389978000",
            "incomeBeforeTax": "954182000",
            "incomeTaxExpense": "542570000",
            "interestAndDebtExpense": "662343000",
            "netIncomeFromContinuingOperations": "425353000",
            "comprehensiveIncomeNetOfTax": "423052000",
            "ebit": "1616525000",
            "ebitda": "3006503000",
            "netIncome": "411612000"
        }
    ],
    "quarterlyReports": [
        {
            "fiscalDateEnding": "2022-12-31",
            "reportedCurrency": "USD",
            "grossProfit": "2127758000",
            "totalRevenue": "2959874000",
            "costOfRevenue": "832116000",
            "costofGoodsAndServicesSold": "2178576000",
            "operatingIncome": "448878000",
            "sellingGeneralAndAdministrative": "256553000",
            "researchAndDevelopment": "None",
            "operatingExpenses": "755879000",
            "investmentIncomeNet": "42421000",
            "netInterestIncome": "-236389000",
            "interestIncome": "193969000",
            "interestExpense": "236389000",
            "nonInterestIncome": "3272500000",
            "otherNonOperatingIncome": "-110349000",
            "depreciation": "None",
            "depreciationAndAmortization": "437497000",
            "incomeBeforeTax": "176530000",
            "incomeTaxExpense": "70056000",
            "interestAndDebtExpense": "236389000",
            "netIncomeFromContinuingOperations": "97652000",
            "comprehensiveIncomeNetOfTax": "228090000",
            "ebit": "448878000",
            "ebitda": "850416000",
            "netIncome": "106474000"
        },
        {
            "fiscalDateEnding": "2022-09-30",
            "reportedCurrency": "USD",
            "grossProfit": "3298691000",
            "totalRevenue": "3991155000",
            "costOfRevenue": "692464000",
            "costofGoodsAndServicesSold": "2614729000",
            "operatingIncome": "954705000",
            "sellingGeneralAndAdministrative": "190056000",
            "researchAndDevelopment": "None",
            "operatingExpenses": "692464000",
            "investmentIncomeNet": "2966000",
            "netInterestIncome": "-227460000",
            "interestIncome": "224494000",
            "interestExpense": "227460000",
            "nonInterestIncome": "4218615000",
            "otherNonOperatingIncome": "-10462000",
            "depreciation": "None",
            "depreciationAndAmortization": "453288000",
            "incomeBeforeTax": "744701000",
            "incomeTaxExpense": "184112000",
            "interestAndDebtExpense": "227460000",
            "netIncomeFromContinuingOperations": "555882000",
            "comprehensiveIncomeNetOfTax": "571257000",
            "ebit": "954705000",
            "ebitda": "1425449000",
            "netIncome": "560589000"
        },
        {
            "fiscalDateEnding": "2022-06-30",
            "reportedCurrency": "USD",
            "grossProfit": "2652539000",
            "totalRevenue": "3168335000",
            "costOfRevenue": "515796000",
            "costofGoodsAndServicesSold": "2037205000",
            "operatingIncome": "81132000",
            "sellingGeneralAndAdministrative": "172244000",
            "researchAndDevelopment": "None",
            "operatingExpenses": "515796000",
            "investmentIncomeNet": "-99049000",
            "netInterestIncome": "-226861000",
            "interestIncome": "325910000",
            "interestExpense": "226861000",
            "nonInterestIncome": "3395196000",
            "otherNonOperatingIncome": "35578000",
            "depreciation": "None",
            "depreciationAndAmortization": "444759000",
            "incomeBeforeTax": "-199940000",
            "incomeTaxExpense": "-359643000",
            "interestAndDebtExpense": "226861000",
            "netIncomeFromContinuingOperations": "164011000",
            "comprehensiveIncomeNetOfTax": "172243000",
            "ebit": "81132000",
            "ebitda": "471680000",
            "netIncome": "159703000"
        },
        {
            "fiscalDateEnding": "2022-03-31",
            "reportedCurrency": "USD",
            "grossProfit": "1958075000",
            "totalRevenue": "2648193000",
            "costOfRevenue": "690118000",
            "costofGoodsAndServicesSold": "1658378000",
            "operatingIncome": "566060000",
            "sellingGeneralAndAdministrative": "180148000",
            "researchAndDevelopment": "None",
            "operatingExpenses": "681912000",
            "investmentIncomeNet": "-21918000",
            "netInterestIncome": "-221526000",
            "interestIncome": "243444000",
            "interestExpense": "221526000",
            "nonInterestIncome": "2877925000",
            "otherNonOperatingIncome": "7603000",
            "depreciation": "None",
            "depreciationAndAmortization": "438972000",
            "incomeBeforeTax": "342897000",
            "incomeTaxExpense": "66497000",
            "interestAndDebtExpense": "221526000",
            "netIncomeFromContinuingOperations": "279593000",
            "comprehensiveIncomeNetOfTax": "272350000",
            "ebit": "566060000",
            "ebitda": "1003395000",
            "netIncome": "276400000"
        },
        {
            "fiscalDateEnding": "2021-12-31",
            "reportedCurrency": "USD",
            "grossProfit": "1872334000",
            "totalRevenue": "2523649000",
            "costOfRevenue": "651315000",
            "costofGoodsAndServicesSold": "1743331000",
            "operatingIncome": "341549000",
            "sellingGeneralAndAdministrative": "234397000",
            "researchAndDevelopment": "None",
            "operatingExpenses": "664451000",
            "investmentIncomeNet": "140709000",
            "netInterestIncome": "-211943000",
            "interestIncome": "140709000",
            "interestExpense": "211943000",
            "nonInterestIncome": "2722456000",
            "otherNonOperatingIncome": "-61207000",
            "depreciation": "None",
            "depreciationAndAmortization": "438960000",
            "incomeBeforeTax": "230725000",
            "incomeTaxExpense": "-14434000",
            "interestAndDebtExpense": "211943000",
            "netIncomeFromContinuingOperations": "245386000",
            "comprehensiveIncomeNetOfTax": "398409000",
            "ebit": "341549000",
            "ebitda": "881628000",
            "netIncome": "245159000"
        },
        {
            "fiscalDateEnding": "2021-09-30",
            "reportedCurrency": "USD",
            "grossProfit": "2479715000",
            "totalRevenue": "3144032000",
            "costOfRevenue": "664317000",
            "costofGoodsAndServicesSold": "1793021000",
            "operatingIncome": "827870000",
            "sellingGeneralAndAdministrative": "182347000",
            "researchAndDevelopment": "None",
            "operatingExpenses": "664317000",
            "investmentIncomeNet": "75112000",
            "netInterestIncome": "-209500000",
            "interestIncome": "75112000",
            "interestExpense": "209500000",
            "nonInterestIncome": "3353532000",
            "otherNonOperatingIncome": "-16797000",
            "depreciation": "None",
            "depreciationAndAmortization": "421745000",
            "incomeBeforeTax": "693865000",
            "incomeTaxExpense": "158282000",
            "interestAndDebtExpense": "209500000",
            "netIncomeFromContinuingOperations": "535583000",
            "comprehensiveIncomeNetOfTax": "537703000",
            "ebit": "827870000",
            "ebitda": "1325110000",
            "netIncome": "535583000"
        },
        {
            "fiscalDateEnding": "2021-06-30",
            "reportedCurrency": "USD",
            "grossProfit": "1602947000",
            "totalRevenue": "2608694000",
            "costOfRevenue": "1005747000",
            "costofGoodsAndServicesSold": "1703253000",
            "operatingIncome": "168208000",
            "sellingGeneralAndAdministrative": "155911000",
            "researchAndDevelopment": "None",
            "operatingExpenses": "1005747000",
            "investmentIncomeNet": "71329000",
            "netInterestIncome": "-213376000",
            "interestIncome": "142047000",
            "interestExpense": "213376000",
            "nonInterestIncome": "2822070000",
            "otherNonOperatingIncome": "-62844000",
            "depreciation": "None",
            "depreciationAndAmortization": "421545000",
            "incomeBeforeTax": "-19810000",
            "incomeTaxExpense": "-18416000",
            "interestAndDebtExpense": "213376000",
            "netIncomeFromContinuingOperations": "-1394000",
            "comprehensiveIncomeNetOfTax": "15794000",
            "ebit": "168208000",
            "ebitda": "615111000",
            "netIncome": "-1394000"
        },
        {
            "fiscalDateEnding": "2021-03-31",
            "reportedCurrency": "USD",
            "grossProfit": "2093675000",
            "totalRevenue": "2705888000",
            "costOfRevenue": "612213000",
            "costofGoodsAndServicesSold": "1631426000",
            "operatingIncome": "507997000",
            "sellingGeneralAndAdministrative": "156702000",
            "researchAndDevelopment": "None",
            "operatingExpenses": "673136000",
            "investmentIncomeNet": "143315000",
            "netInterestIncome": "-199873000",
            "interestIncome": "143315000",
            "interestExpense": "199873000",
            "nonInterestIncome": "2844838000",
            "otherNonOperatingIncome": "-60929000",
            "depreciation": "None",
            "depreciationAndAmortization": "414519000",
            "incomeBeforeTax": "405087000",
            "incomeTaxExpense": "65942000",
            "interestAndDebtExpense": "199873000",
            "netIncomeFromContinuingOperations": "339145000",
            "comprehensiveIncomeNetOfTax": "283265000",
            "ebit": "507997000",
            "ebitda": "1019479000",
            "netIncome": "339145000"
        },
        {
            "fiscalDateEnding": "2020-12-31",
            "reportedCurrency": "USD",
            "grossProfit": "1921503000",
            "totalRevenue": "2429135000",
            "costOfRevenue": "507632000",
            "costofGoodsAndServicesSold": "1472670000",
            "operatingIncome": "152111000",
            "sellingGeneralAndAdministrative": "219947000",
            "researchAndDevelopment": "None",
            "operatingExpenses": "760796000",
            "investmentIncomeNet": "196992000",
            "netInterestIncome": "-194131000",
            "interestIncome": "2861000",
            "interestExpense": "194131000",
            "nonInterestIncome": "2370102000",
            "otherNonOperatingIncome": "-81488000",
            "depreciation": "None",
            "depreciationAndAmortization": "420209000",
            "incomeBeforeTax": "85357000",
            "incomeTaxExpense": "-288872000",
            "interestAndDebtExpense": "194131000",
            "netIncomeFromContinuingOperations": "392548000",
            "comprehensiveIncomeNetOfTax": "329181000",
            "ebit": "152111000",
            "ebitda": "699697000",
            "netIncome": "374229000"
        },
        {
            "fiscalDateEnding": "2020-09-30",
            "reportedCurrency": "USD",
            "grossProfit": "2034218000",
            "totalRevenue": "2706837000",
            "costOfRevenue": "672619000",
            "costofGoodsAndServicesSold": "1482313000",
            "operatingIncome": "778016000",
            "sellingGeneralAndAdministrative": "171425000",
            "researchAndDevelopment": "None",
            "operatingExpenses": "672619000",
            "investmentIncomeNet": "127857000",
            "netInterestIncome": "-196731000",
            "interestIncome": "68874000",
            "interestExpense": "196731000",
            "nonInterestIncome": "2903568000",
            "otherNonOperatingIncome": "-58914000",
            "depreciation": "None",
            "depreciationAndAmortization": "401578000",
            "incomeBeforeTax": "675143000",
            "incomeTaxExpense": "149444000",
            "interestAndDebtExpense": "196731000",
            "netIncomeFromContinuingOperations": "525699000",
            "comprehensiveIncomeNetOfTax": "519303000",
            "ebit": "778016000",
            "ebitda": "1273452000",
            "netIncome": "525699000"
        },
        {
            "fiscalDateEnding": "2020-06-30",
            "reportedCurrency": "USD",
            "grossProfit": "1543529000",
            "totalRevenue": "2208132000",
            "costOfRevenue": "664603000",
            "costofGoodsAndServicesSold": "1334121000",
            "operatingIncome": "439311000",
            "sellingGeneralAndAdministrative": "158646000",
            "researchAndDevelopment": "None",
            "operatingExpenses": "664603000",
            "investmentIncomeNet": "284823000",
            "netInterestIncome": "-204656000",
            "interestIncome": "284823000",
            "interestExpense": "204656000",
            "nonInterestIncome": "2412788000",
            "otherNonOperatingIncome": "-93620000",
            "depreciation": "None",
            "depreciationAndAmortization": "403769000",
            "incomeBeforeTax": "454228000",
            "incomeTaxExpense": "89115000",
            "interestAndDebtExpense": "204656000",
            "netIncomeFromContinuingOperations": "365113000",
            "comprehensiveIncomeNetOfTax": "370916000",
            "ebit": "439311000",
            "ebitda": "1062653000",
            "netIncome": "365113000"
        },
        {
            "fiscalDateEnding": "2020-03-31",
            "reportedCurrency": "USD",
            "grossProfit": "1639909000",
            "totalRevenue": "2272863000",
            "costOfRevenue": "632954000",
            "costofGoodsAndServicesSold": "1366319000",
            "operatingIncome": "399756000",
            "sellingGeneralAndAdministrative": "170294000",
            "researchAndDevelopment": "None",
            "operatingExpenses": "668783000",
            "investmentIncomeNet": "-216853000",
            "netInterestIncome": "-190145000",
            "interestIncome": "216853000",
            "interestExpense": "190145000",
            "nonInterestIncome": "2427179000",
            "otherNonOperatingIncome": "23389000",
            "depreciation": "None",
            "depreciationAndAmortization": "399710000",
            "incomeBeforeTax": "52100000",
            "incomeTaxExpense": "-71194000",
            "interestAndDebtExpense": "190145000",
            "netIncomeFromContinuingOperations": "123294000",
            "comprehensiveIncomeNetOfTax": "166647000",
            "ebit": "399756000",
            "ebitda": "641955000",
            "netIncome": "123294000"
        },
        {
            "fiscalDateEnding": "2019-12-31",
            "reportedCurrency": "USD",
            "grossProfit": "2462305000",
            "totalRevenue": "2462305000",
            "costOfRevenue": "648843000",
            "costofGoodsAndServicesSold": "1571443000",
            "operatingIncome": "248539000",
            "sellingGeneralAndAdministrative": "156030000",
            "researchAndDevelopment": "None",
            "operatingExpenses": "643043000",
            "investmentIncomeNet": "141249000",
            "netInterestIncome": "-187942000",
            "interestIncome": "141249000",
            "interestExpense": "187942000",
            "nonInterestIncome": "2462305000",
            "otherNonOperatingIncome": "-91925000",
            "depreciation": "None",
            "depreciationAndAmortization": "380026000",
            "incomeBeforeTax": "129332000",
            "incomeTaxExpense": "-243255000",
            "interestAndDebtExpense": "187942000",
            "netIncomeFromContinuingOperations": "248539000",
            "comprehensiveIncomeNetOfTax": "357877000",
            "ebit": "248539000",
            "ebitda": "697300000",
            "netIncome": "372587000"
        },
        {
            "fiscalDateEnding": "2019-09-30",
            "reportedCurrency": "USD",
            "grossProfit": "2109089000",
            "totalRevenue": "2953936000",
            "costOfRevenue": "844847000",
            "costofGoodsAndServicesSold": "1771018000",
            "operatingIncome": "519929000",
            "sellingGeneralAndAdministrative": "165731000",
            "researchAndDevelopment": "None",
            "operatingExpenses": "844847000",
            "investmentIncomeNet": "82295000",
            "netInterestIncome": "-186639000",
            "interestIncome": "82295000",
            "interestExpense": "186639000",
            "nonInterestIncome": "3140575000",
            "otherNonOperatingIncome": "-50086000",
            "depreciation": "None",
            "depreciationAndAmortization": "379219000",
            "incomeBeforeTax": "398660000",
            "incomeTaxExpense": "29201000",
            "interestAndDebtExpense": "186639000",
            "netIncomeFromContinuingOperations": "369459000",
            "comprehensiveIncomeNetOfTax": "375872000",
            "ebit": "519929000",
            "ebitda": "964518000",
            "netIncome": "369459000"
        },
        {
            "fiscalDateEnding": "2019-06-30",
            "reportedCurrency": "USD",
            "grossProfit": "1833958000",
            "totalRevenue": "2481908000",
            "costOfRevenue": "647950000",
            "costofGoodsAndServicesSold": "1706016000",
            "operatingIncome": "338775000",
            "sellingGeneralAndAdministrative": "163408000",
            "researchAndDevelopment": "None",
            "operatingExpenses": "647950000",
            "investmentIncomeNet": "96218000",
            "netInterestIncome": "-184301000",
            "interestIncome": "96218000",
            "interestExpense": "184301000",
            "nonInterestIncome": "2666209000",
            "otherNonOperatingIncome": "-45870000",
            "depreciation": "None",
            "depreciationAndAmortization": "363496000",
            "incomeBeforeTax": "241991000",
            "incomeTaxExpense": "1458000",
            "interestAndDebtExpense": "184301000",
            "netIncomeFromContinuingOperations": "240533000",
            "comprehensiveIncomeNetOfTax": "357172000",
            "ebit": "338775000",
            "ebitda": "789788000",
            "netIncome": "240533000"
        },
        {
            "fiscalDateEnding": "2019-03-31",
            "reportedCurrency": "USD",
            "grossProfit": "1706653000",
            "totalRevenue": "2412320000",
            "costOfRevenue": "705667000",
            "costofGoodsAndServicesSold": "1651329000",
            "operatingIncome": "283254000",
            "sellingGeneralAndAdministrative": "158575000",
            "researchAndDevelopment": "None",
            "operatingExpenses": "691947000",
            "investmentIncomeNet": "228149000",
            "netInterestIncome": "-183544000",
            "interestIncome": "44605000",
            "interestExpense": "183544000",
            "nonInterestIncome": "2609584000",
            "otherNonOperatingIncome": "-64658000",
            "depreciation": "None",
            "depreciationAndAmortization": "357274000",
            "incomeBeforeTax": "301417000",
            "incomeTaxExpense": "42771000",
            "interestAndDebtExpense": "183544000",
            "netIncomeFromContinuingOperations": "258646000",
            "comprehensiveIncomeNetOfTax": "267364000",
            "ebit": "283254000",
            "ebitda": "842235000",
            "netIncome": "258646000"
        },
        {
            "fiscalDateEnding": "2018-12-31",
            "reportedCurrency": "USD",
            "grossProfit": "2512482000",
            "totalRevenue": "2512482000",
            "costOfRevenue": "828425000",
            "costofGoodsAndServicesSold": "2057494000",
            "operatingIncome": "-228931000",
            "sellingGeneralAndAdministrative": "204070000",
            "researchAndDevelopment": "None",
            "operatingExpenses": "821318000",
            "investmentIncomeNet": "-201222000",
            "netInterestIncome": "-179977000",
            "interestIncome": "None",
            "interestExpense": "179977000",
            "nonInterestIncome": "2512482000",
            "otherNonOperatingIncome": "-6315000",
            "depreciation": "None",
            "depreciationAndAmortization": "347343000",
            "incomeBeforeTax": "-593105000",
            "incomeTaxExpense": "-516889000",
            "interestAndDebtExpense": "179977000",
            "netIncomeFromContinuingOperations": "-228931000",
            "comprehensiveIncomeNetOfTax": "9054000",
            "ebit": "-228931000",
            "ebitda": "-65785000",
            "netIncome": "-76216000"
        },
        {
            "fiscalDateEnding": "2018-09-30",
            "reportedCurrency": "USD",
            "grossProfit": "2145664000",
            "totalRevenue": "2924252000",
            "costOfRevenue": "778588000",
            "costofGoodsAndServicesSold": "2215814000",
            "operatingIncome": "271035000",
            "sellingGeneralAndAdministrative": "161916000",
            "researchAndDevelopment": "None",
            "operatingExpenses": "778588000",
            "investmentIncomeNet": "177081000",
            "netInterestIncome": "-180067000",
            "interestIncome": "None",
            "interestExpense": "180067000",
            "nonInterestIncome": "3104319000",
            "otherNonOperatingIncome": "-43591000",
            "depreciation": "None",
            "depreciationAndAmortization": "324628000",
            "incomeBeforeTax": "256812000",
            "incomeTaxExpense": "-283006000",
            "interestAndDebtExpense": "180067000",
            "netIncomeFromContinuingOperations": "539818000",
            "comprehensiveIncomeNetOfTax": "517895000",
            "ebit": "271035000",
            "ebitda": "761507000",
            "netIncome": "539818000"
        },
        {
            "fiscalDateEnding": "2018-06-30",
            "reportedCurrency": "USD",
            "grossProfit": "1611099000",
            "totalRevenue": "2668770000",
            "costOfRevenue": "1057671000",
            "costofGoodsAndServicesSold": "417034000",
            "operatingIncome": "91597000",
            "sellingGeneralAndAdministrative": "158547000",
            "researchAndDevelopment": "None",
            "operatingExpenses": "2577173000",
            "investmentIncomeNet": "71134000",
            "netInterestIncome": "-177646000",
            "interestIncome": "None",
            "interestExpense": "177646000",
            "nonInterestIncome": "2668770000",
            "otherNonOperatingIncome": "-48491000",
            "depreciation": "350485000",
            "depreciationAndAmortization": "350485000",
            "incomeBeforeTax": "-35175000",
            "incomeTaxExpense": "-280596000",
            "interestAndDebtExpense": "177646000",
            "netIncomeFromContinuingOperations": "248860000",
            "comprehensiveIncomeNetOfTax": "193277000",
            "ebit": "142471000",
            "ebitda": "492956000",
            "netIncome": "245421000"
        },
        {
            "fiscalDateEnding": "2018-03-31",
            "reportedCurrency": "USD",
            "grossProfit": "1658631000",
            "totalRevenue": "2723881000",
            "costOfRevenue": "1065250000",
            "costofGoodsAndServicesSold": "396023000",
            "operatingIncome": "335664000",
            "sellingGeneralAndAdministrative": "165218000",
            "researchAndDevelopment": "None",
            "operatingExpenses": "2388217000",
            "investmentIncomeNet": "16870000",
            "netInterestIncome": "-169658000",
            "interestIncome": "None",
            "interestExpense": "169658000",
            "nonInterestIncome": "2723881000",
            "otherNonOperatingIncome": "-31356000",
            "depreciation": "347065000",
            "depreciationAndAmortization": "347065000",
            "incomeBeforeTax": "176424000",
            "incomeTaxExpense": "43663000",
            "interestAndDebtExpense": "169658000",
            "netIncomeFromContinuingOperations": "136200000",
            "comprehensiveIncomeNetOfTax": "211906000",
            "ebit": "346082000",
            "ebitda": "693147000",
            "netIncome": "132761000"
        }
    ]
}