{
    "symbol": "ETSY",
    "annualReports": [
        {
            "fiscalDateEnding": "2022-12-31",
            "reportedCurrency": "USD",
            "grossProfit": "1821519000",
            "totalRevenue": "2566111000",
            "costOfRevenue": "744592000",
            "costofGoodsAndServicesSold": "744592000",
            "operatingIncome": "-658560000",
            "sellingGeneralAndAdministrative": "1022659000",
            "researchAndDevelopment": "412398000",
            "operatingExpenses": "2480079000",
            "investmentIncomeNet": "None",
            "netInterestIncome": "-14168000",
            "interestIncome": "None",
            "interestExpense": "14168000",
            "nonInterestIncome": "2565905000",
            "otherNonOperatingIncome": "10750000",
            "depreciation": "55500000",
            "depreciationAndAmortization": "48474000",
            "incomeBeforeTax": "-661988000",
            "incomeTaxExpense": "32300000",
            "interestAndDebtExpense": "14168000",
            "netIncomeFromContinuingOperations": "-694278000",
            "comprehensiveIncomeNetOfTax": "-933491000",
            "ebit": "-647820000",
            "ebitda": "-599346000",
            "netIncome": "-694288000"
        },
        {
            "fiscalDateEnding": "2021-12-31",
            "reportedCurrency": "USD",
            "grossProfit": "1674602000",
            "totalRevenue": "2329114000",
            "costOfRevenue": "654512000",
            "costofGoodsAndServicesSold": "654512000",
            "operatingIncome": "465732000",
            "sellingGeneralAndAdministrative": "937335000",
            "researchAndDevelopment": "271535000",
            "operatingExpenses": "1208870000",
            "investmentIncomeNet": "2137000",
            "netInterestIncome": "-9885000",
            "interestIncome": "2137000",
            "interestExpense": "9885000",
            "nonInterestIncome": "2342784000",
            "otherNonOperatingIncome": "15807000",
            "depreciation": "45800000",
            "depreciationAndAmortization": "37539000",
            "incomeBeforeTax": "471654000",
            "incomeTaxExpense": "-21853000",
            "interestAndDebtExpense": "9885000",
            "netIncomeFromContinuingOperations": "493507000",
            "comprehensiveIncomeNetOfTax": "412542000",
            "ebit": "481539000",
            "ebitda": "519078000",
            "netIncome": "493507000"
        },
        {
            "fiscalDateEnding": "2020-12-31",
            "reportedCurrency": "USD",
            "grossProfit": "1260880000",
            "totalRevenue": "1725625000",
            "costOfRevenue": "464745000",
            "costofGoodsAndServicesSold": "464745000",
            "operatingIncome": "424009000",
            "sellingGeneralAndAdministrative": "656791000",
            "researchAndDevelopment": "180080000",
            "operatingExpenses": "836871000",
            "investmentIncomeNet": "7102000",
            "netInterestIncome": "-42025000",
            "interestIncome": "7102000",
            "interestExpense": "42025000",
            "nonInterestIncome": "1702248000",
            "otherNonOperatingIncome": "-16275000",
            "depreciation": "43000000",
            "depreciationAndAmortization": "25390000",
            "incomeBeforeTax": "365709000",
            "incomeTaxExpense": "16463000",
            "interestAndDebtExpense": "58880000",
            "netIncomeFromContinuingOperations": "349246000",
            "comprehensiveIncomeNetOfTax": "363896000",
            "ebit": "407734000",
            "ebitda": "433124000",
            "netIncome": "349246000"
        },
        {
            "fiscalDateEnding": "2019-12-31",
            "reportedCurrency": "USD",
            "grossProfit": "547343000",
            "totalRevenue": "818379000",
            "costOfRevenue": "271036000",
            "costofGoodsAndServicesSold": "271036000",
            "operatingIncome": "88761000",
            "sellingGeneralAndAdministrative": "336704000",
            "researchAndDevelopment": "121878000",
            "operatingExpenses": "458582000",
            "investmentIncomeNet": "13199000",
            "netInterestIncome": "-24320000",
            "interestIncome": "13199000",
            "interestExpense": "24320000",
            "nonInterestIncome": "821385000",
            "otherNonOperatingIncome": "16205000",
            "depreciation": "38400000",
            "depreciationAndAmortization": "22724000",
            "incomeBeforeTax": "80646000",
            "incomeTaxExpense": "-15248000",
            "interestAndDebtExpense": "24320000",
            "netIncomeFromContinuingOperations": "95846000",
            "comprehensiveIncomeNetOfTax": "95008000",
            "ebit": "104966000",
            "ebitda": "127690000",
            "netIncome": "95894000"
        },
        {
            "fiscalDateEnding": "2018-12-31",
            "reportedCurrency": "USD",
            "grossProfit": "412931000",
            "totalRevenue": "603693000",
            "costOfRevenue": "190762000",
            "costofGoodsAndServicesSold": "190762000",
            "operatingIncome": "74786000",
            "sellingGeneralAndAdministrative": "240896000",
            "researchAndDevelopment": "97249000",
            "operatingExpenses": "338145000",
            "investmentIncomeNet": "8957000",
            "netInterestIncome": "-22178000",
            "interestIncome": "8957000",
            "interestExpense": "22178000",
            "nonInterestIncome": "597206000",
            "otherNonOperatingIncome": "2470000",
            "depreciation": "22400000",
            "depreciationAndAmortization": "0",
            "incomeBeforeTax": "55078000",
            "incomeTaxExpense": "-22413000",
            "interestAndDebtExpense": "22178000",
            "netIncomeFromContinuingOperations": "77491000",
            "comprehensiveIncomeNetOfTax": "76057000",
            "ebit": "77256000",
            "ebitda": "77256000",
            "netIncome": "77491000"
        }
    ],
    "quarterlyReports": [
        {
            "fiscalDateEnding": "2022-12-31",
            "reportedCurrency": "USD",
            "grossProfit": "581466000",
            "totalRevenue": "807241000",
            "costOfRevenue": "225775000",
            "costofGoodsAndServicesSold": "225775000",
            "operatingIncome": "139344000",
            "sellingGeneralAndAdministrative": "329335000",
            "researchAndDevelopment": "112787000",
            "operatingExpenses": "442122000",
            "investmentIncomeNet": "None",
            "netInterestIncome": "None",
            "interestIncome": "None",
            "interestExpense": "14168000",
            "nonInterestIncome": "789450000",
            "otherNonOperatingIncome": "2714000",
            "depreciation": "None",
            "depreciationAndAmortization": "22794000",
            "incomeBeforeTax": "127880000",
            "incomeTaxExpense": "18332000",
            "interestAndDebtExpense": "None",
            "netIncomeFromContinuingOperations": "109558000",
            "comprehensiveIncomeNetOfTax": "168189000",
            "ebit": "139344000",
            "ebitda": "164852000",
            "netIncome": "109548000"
        },
        {
            "fiscalDateEnding": "2022-09-30",
            "reportedCurrency": "USD",
            "grossProfit": "420068000",
            "totalRevenue": "594469000",
            "costOfRevenue": "174401000",
            "costofGoodsAndServicesSold": "174401000",
            "operatingIncome": "-954780000",
            "sellingGeneralAndAdministrative": "221786000",
            "researchAndDevelopment": "108040000",
            "operatingExpenses": "1374848000",
            "investmentIncomeNet": "None",
            "netInterestIncome": "None",
            "interestIncome": "None",
            "interestExpense": "None",
            "nonInterestIncome": "594469000",
            "otherNonOperatingIncome": "5763000",
            "depreciation": "None",
            "depreciationAndAmortization": "24127000",
            "incomeBeforeTax": "-949017000",
            "incomeTaxExpense": "14051000",
            "interestAndDebtExpense": "None",
            "netIncomeFromContinuingOperations": "-963068000",
            "comprehensiveIncomeNetOfTax": "-1098800000",
            "ebit": "-954780000",
            "ebitda": "-924890000",
            "netIncome": "-963068000"
        },
        {
            "fiscalDateEnding": "2022-06-30",
            "reportedCurrency": "USD",
            "grossProfit": "413714000",
            "totalRevenue": "585135000",
            "costOfRevenue": "171421000",
            "costofGoodsAndServicesSold": "171421000",
            "operatingIncome": "72561000",
            "sellingGeneralAndAdministrative": "239058000",
            "researchAndDevelopment": "102095000",
            "operatingExpenses": "341153000",
            "investmentIncomeNet": "None",
            "netInterestIncome": "None",
            "interestIncome": "None",
            "interestExpense": "None",
            "nonInterestIncome": "585135000",
            "otherNonOperatingIncome": "601000",
            "depreciation": "None",
            "depreciationAndAmortization": "25027000",
            "incomeBeforeTax": "73162000",
            "incomeTaxExpense": "39000",
            "interestAndDebtExpense": "None",
            "netIncomeFromContinuingOperations": "73123000",
            "comprehensiveIncomeNetOfTax": "-72972000",
            "ebit": "72561000",
            "ebitda": "98189000",
            "netIncome": "73123000"
        },
        {
            "fiscalDateEnding": "2022-03-31",
            "reportedCurrency": "USD",
            "grossProfit": "406271000",
            "totalRevenue": "579266000",
            "costOfRevenue": "172995000",
            "costofGoodsAndServicesSold": "172995000",
            "operatingIncome": "84315000",
            "sellingGeneralAndAdministrative": "232480000",
            "researchAndDevelopment": "89476000",
            "operatingExpenses": "321956000",
            "investmentIncomeNet": "None",
            "netInterestIncome": "None",
            "interestIncome": "None",
            "interestExpense": "None",
            "nonInterestIncome": "584833000",
            "otherNonOperatingIncome": "1672000",
            "depreciation": "None",
            "depreciationAndAmortization": "24754000",
            "incomeBeforeTax": "85987000",
            "incomeTaxExpense": "-122000",
            "interestAndDebtExpense": "None",
            "netIncomeFromContinuingOperations": "86109000",
            "comprehensiveIncomeNetOfTax": "70092000",
            "ebit": "84315000",
            "ebitda": "110741000",
            "netIncome": "86109000"
        },
        {
            "fiscalDateEnding": "2021-12-31",
            "reportedCurrency": "USD",
            "grossProfit": "508173000",
            "totalRevenue": "717139000",
            "costOfRevenue": "208966000",
            "costofGoodsAndServicesSold": "208966000",
            "operatingIncome": "142249000",
            "sellingGeneralAndAdministrative": "283369000",
            "researchAndDevelopment": "82555000",
            "operatingExpenses": "365924000",
            "investmentIncomeNet": "216000",
            "netInterestIncome": "-3539000",
            "interestIncome": "216000",
            "interestExpense": "3539000",
            "nonInterestIncome": "722586000",
            "otherNonOperatingIncome": "5663000",
            "depreciation": "None",
            "depreciationAndAmortization": "24991000",
            "incomeBeforeTax": "144373000",
            "incomeTaxExpense": "-17184000",
            "interestAndDebtExpense": "3539000",
            "netIncomeFromContinuingOperations": "161557000",
            "comprehensiveIncomeNetOfTax": "155955000",
            "ebit": "147912000",
            "ebitda": "172903000",
            "netIncome": "161557000"
        },
        {
            "fiscalDateEnding": "2021-09-30",
            "reportedCurrency": "USD",
            "grossProfit": "378769000",
            "totalRevenue": "532429000",
            "costOfRevenue": "153660000",
            "costofGoodsAndServicesSold": "153660000",
            "operatingIncome": "83741000",
            "sellingGeneralAndAdministrative": "221507000",
            "researchAndDevelopment": "73521000",
            "operatingExpenses": "295028000",
            "investmentIncomeNet": "139000",
            "netInterestIncome": "-2779000",
            "interestIncome": "139000",
            "interestExpense": "2779000",
            "nonInterestIncome": "535127000",
            "otherNonOperatingIncome": "2837000",
            "depreciation": "None",
            "depreciationAndAmortization": "23211000",
            "incomeBeforeTax": "83799000",
            "incomeTaxExpense": "-6131000",
            "interestAndDebtExpense": "2779000",
            "netIncomeFromContinuingOperations": "89930000",
            "comprehensiveIncomeNetOfTax": "23154000",
            "ebit": "86578000",
            "ebitda": "109789000",
            "netIncome": "89930000"
        },
        {
            "fiscalDateEnding": "2021-06-30",
            "reportedCurrency": "USD",
            "grossProfit": "379931000",
            "totalRevenue": "528900000",
            "costOfRevenue": "148969000",
            "costofGoodsAndServicesSold": "148969000",
            "operatingIncome": "89105000",
            "sellingGeneralAndAdministrative": "229073000",
            "researchAndDevelopment": "61753000",
            "operatingExpenses": "290826000",
            "investmentIncomeNet": "803000",
            "netInterestIncome": "-1882000",
            "interestIncome": "803000",
            "interestExpense": "1882000",
            "nonInterestIncome": "526628000",
            "otherNonOperatingIncome": "-1469000",
            "depreciation": "None",
            "depreciationAndAmortization": "12985000",
            "incomeBeforeTax": "85754000",
            "incomeTaxExpense": "-12500000",
            "interestAndDebtExpense": "1882000",
            "netIncomeFromContinuingOperations": "98254000",
            "comprehensiveIncomeNetOfTax": "100986000",
            "ebit": "87636000",
            "ebitda": "100621000",
            "netIncome": "98254000"
        },
        {
            "fiscalDateEnding": "2021-03-31",
            "reportedCurrency": "USD",
            "grossProfit": "407729000",
            "totalRevenue": "550646000",
            "costOfRevenue": "142917000",
            "costofGoodsAndServicesSold": "142917000",
            "operatingIncome": "150637000",
            "sellingGeneralAndAdministrative": "203386000",
            "researchAndDevelopment": "53706000",
            "operatingExpenses": "257092000",
            "investmentIncomeNet": "979000",
            "netInterestIncome": "-1685000",
            "interestIncome": "979000",
            "interestExpense": "1685000",
            "nonInterestIncome": "558443000",
            "otherNonOperatingIncome": "8776000",
            "depreciation": "None",
            "depreciationAndAmortization": "13080000",
            "incomeBeforeTax": "157728000",
            "incomeTaxExpense": "13962000",
            "interestAndDebtExpense": "1685000",
            "netIncomeFromContinuingOperations": "143766000",
            "comprehensiveIncomeNetOfTax": "132447000",
            "ebit": "159413000",
            "ebitda": "172493000",
            "netIncome": "143766000"
        },
        {
            "fiscalDateEnding": "2020-12-31",
            "reportedCurrency": "USD",
            "grossProfit": "466575000",
            "totalRevenue": "617355000",
            "costOfRevenue": "150780000",
            "costofGoodsAndServicesSold": "150780000",
            "operatingIncome": "161335000",
            "sellingGeneralAndAdministrative": "254083000",
            "researchAndDevelopment": "51157000",
            "operatingExpenses": "305240000",
            "investmentIncomeNet": "599000",
            "netInterestIncome": "-11417000",
            "interestIncome": "599000",
            "interestExpense": "11417000",
            "nonInterestIncome": "620145000",
            "otherNonOperatingIncome": "3389000",
            "depreciation": "None",
            "depreciationAndAmortization": "13101000",
            "incomeBeforeTax": "153307000",
            "incomeTaxExpense": "4769000",
            "interestAndDebtExpense": "11417000",
            "netIncomeFromContinuingOperations": "148538000",
            "comprehensiveIncomeNetOfTax": "156377000",
            "ebit": "164724000",
            "ebitda": "177825000",
            "netIncome": "148538000"
        },
        {
            "fiscalDateEnding": "2020-09-30",
            "reportedCurrency": "USD",
            "grossProfit": "331310000",
            "totalRevenue": "451478000",
            "costOfRevenue": "120168000",
            "costofGoodsAndServicesSold": "120168000",
            "operatingIncome": "118169000",
            "sellingGeneralAndAdministrative": "167233000",
            "researchAndDevelopment": "45908000",
            "operatingExpenses": "213141000",
            "investmentIncomeNet": "1158000",
            "netInterestIncome": "-10615000",
            "interestIncome": "1158000",
            "interestExpense": "10615000",
            "nonInterestIncome": "433159000",
            "otherNonOperatingIncome": "-17161000",
            "depreciation": "None",
            "depreciationAndAmortization": "15754000",
            "incomeBeforeTax": "90393000",
            "incomeTaxExpense": "-1368000",
            "interestAndDebtExpense": "27470000",
            "netIncomeFromContinuingOperations": "91761000",
            "comprehensiveIncomeNetOfTax": "97572000",
            "ebit": "101008000",
            "ebitda": "116762000",
            "netIncome": "91761000"
        },
        {
            "fiscalDateEnding": "2020-06-30",
            "reportedCurrency": "USD",
            "grossProfit": "317356000",
            "totalRevenue": "428737000",
            "costOfRevenue": "111381000",
            "costofGoodsAndServicesSold": "111381000",
            "operatingIncome": "119140000",
            "sellingGeneralAndAdministrative": "152983000",
            "researchAndDevelopment": "45233000",
            "operatingExpenses": "198216000",
            "investmentIncomeNet": "1732000",
            "netInterestIncome": "-10026000",
            "interestIncome": "1732000",
            "interestExpense": "10026000",
            "nonInterestIncome": "430207000",
            "otherNonOperatingIncome": "3202000",
            "depreciation": "None",
            "depreciationAndAmortization": "14171000",
            "incomeBeforeTax": "112316000",
            "incomeTaxExpense": "15891000",
            "interestAndDebtExpense": "10026000",
            "netIncomeFromContinuingOperations": "96425000",
            "comprehensiveIncomeNetOfTax": "99425000",
            "ebit": "122342000",
            "ebitda": "136513000",
            "netIncome": "96425000"
        },
        {
            "fiscalDateEnding": "2020-03-31",
            "reportedCurrency": "USD",
            "grossProfit": "145639000",
            "totalRevenue": "228055000",
            "costOfRevenue": "82416000",
            "costofGoodsAndServicesSold": "82416000",
            "operatingIncome": "25365000",
            "sellingGeneralAndAdministrative": "82492000",
            "researchAndDevelopment": "37782000",
            "operatingExpenses": "120274000",
            "investmentIncomeNet": "3613000",
            "netInterestIncome": "-9967000",
            "interestIncome": "3613000",
            "interestExpense": "9967000",
            "nonInterestIncome": "218737000",
            "otherNonOperatingIncome": "-5705000",
            "depreciation": "None",
            "depreciationAndAmortization": "15163000",
            "incomeBeforeTax": "9693000",
            "incomeTaxExpense": "-2829000",
            "interestAndDebtExpense": "9967000",
            "netIncomeFromContinuingOperations": "12522000",
            "comprehensiveIncomeNetOfTax": "10522000",
            "ebit": "19660000",
            "ebitda": "34823000",
            "netIncome": "12522000"
        },
        {
            "fiscalDateEnding": "2019-12-31",
            "reportedCurrency": "USD",
            "grossProfit": "179174000",
            "totalRevenue": "269998000",
            "costOfRevenue": "90824000",
            "costofGoodsAndServicesSold": "90824000",
            "operatingIncome": "25038000",
            "sellingGeneralAndAdministrative": "118435000",
            "researchAndDevelopment": "35701000",
            "operatingExpenses": "154136000",
            "investmentIncomeNet": "3540000",
            "netInterestIncome": "-9912000",
            "interestIncome": "3540000",
            "interestExpense": "9912000",
            "nonInterestIncome": "274083000",
            "otherNonOperatingIncome": "7625000",
            "depreciation": "None",
            "depreciationAndAmortization": "12782000",
            "incomeBeforeTax": "22751000",
            "incomeTaxExpense": "-8540000",
            "interestAndDebtExpense": "9912000",
            "netIncomeFromContinuingOperations": "31243000",
            "comprehensiveIncomeNetOfTax": "34115000",
            "ebit": "32663000",
            "ebitda": "45445000",
            "netIncome": "31291000"
        },
        {
            "fiscalDateEnding": "2019-09-30",
            "reportedCurrency": "USD",
            "grossProfit": "128998000",
            "totalRevenue": "197947000",
            "costOfRevenue": "68949000",
            "costofGoodsAndServicesSold": "68949000",
            "operatingIncome": "14232000",
            "sellingGeneralAndAdministrative": "82301000",
            "researchAndDevelopment": "32465000",
            "operatingExpenses": "114766000",
            "investmentIncomeNet": "2883000",
            "netInterestIncome": "-5077000",
            "interestIncome": "2883000",
            "interestExpense": "5077000",
            "nonInterestIncome": "195998000",
            "otherNonOperatingIncome": "934000",
            "depreciation": "None",
            "depreciationAndAmortization": "3252000",
            "incomeBeforeTax": "10089000",
            "incomeTaxExpense": "-4712000",
            "interestAndDebtExpense": "5077000",
            "netIncomeFromContinuingOperations": "14801000",
            "comprehensiveIncomeNetOfTax": "10693000",
            "ebit": "15166000",
            "ebitda": "18418000",
            "netIncome": "14801000"
        },
        {
            "fiscalDateEnding": "2019-06-30",
            "reportedCurrency": "USD",
            "grossProfit": "122490000",
            "totalRevenue": "181095000",
            "costOfRevenue": "58605000",
            "costofGoodsAndServicesSold": "58605000",
            "operatingIncome": "17848000",
            "sellingGeneralAndAdministrative": "75877000",
            "researchAndDevelopment": "28765000",
            "operatingExpenses": "104642000",
            "investmentIncomeNet": "3391000",
            "netInterestIncome": "-4678000",
            "interestIncome": "3391000",
            "interestExpense": "4678000",
            "nonInterestIncome": "180903000",
            "otherNonOperatingIncome": "3199000",
            "depreciation": "None",
            "depreciationAndAmortization": "3320000",
            "incomeBeforeTax": "16369000",
            "incomeTaxExpense": "-1854000",
            "interestAndDebtExpense": "4678000",
            "netIncomeFromContinuingOperations": "18223000",
            "comprehensiveIncomeNetOfTax": "19583000",
            "ebit": "21047000",
            "ebitda": "24367000",
            "netIncome": "18223000"
        },
        {
            "fiscalDateEnding": "2019-03-31",
            "reportedCurrency": "USD",
            "grossProfit": "116681000",
            "totalRevenue": "169339000",
            "costOfRevenue": "52658000",
            "costofGoodsAndServicesSold": "52658000",
            "operatingIncome": "31643000",
            "sellingGeneralAndAdministrative": "60091000",
            "researchAndDevelopment": "24947000",
            "operatingExpenses": "85038000",
            "investmentIncomeNet": "3385000",
            "netInterestIncome": "-4653000",
            "interestIncome": "206000",
            "interestExpense": "4653000",
            "nonInterestIncome": "170401000",
            "otherNonOperatingIncome": "4447000",
            "depreciation": "None",
            "depreciationAndAmortization": "3370000",
            "incomeBeforeTax": "31437000",
            "incomeTaxExpense": "-142000",
            "interestAndDebtExpense": "4653000",
            "netIncomeFromContinuingOperations": "31579000",
            "comprehensiveIncomeNetOfTax": "30617000",
            "ebit": "36090000",
            "ebitda": "39460000",
            "netIncome": "31579000"
        },
        {
            "fiscalDateEnding": "2018-12-31",
            "reportedCurrency": "USD",
            "grossProfit": "142917000",
            "totalRevenue": "200028000",
            "costOfRevenue": "57111000",
            "costofGoodsAndServicesSold": "57111000",
            "operatingIncome": "29489000",
            "sellingGeneralAndAdministrative": "84886000",
            "researchAndDevelopment": "28542000",
            "operatingExpenses": "113428000",
            "investmentIncomeNet": "3055000",
            "netInterestIncome": "-6154000",
            "interestIncome": "None",
            "interestExpense": "6154000",
            "nonInterestIncome": "196514000",
            "otherNonOperatingIncome": "-459000",
            "depreciation": "None",
            "depreciationAndAmortization": "-2800000",
            "incomeBeforeTax": "22876000",
            "incomeTaxExpense": "-18375000",
            "interestAndDebtExpense": "6154000",
            "netIncomeFromContinuingOperations": "41251000",
            "comprehensiveIncomeNetOfTax": "40525000",
            "ebit": "29030000",
            "ebitda": "26230000",
            "netIncome": "41251000"
        },
        {
            "fiscalDateEnding": "2018-09-30",
            "reportedCurrency": "USD",
            "grossProfit": "103419000",
            "totalRevenue": "150366000",
            "costOfRevenue": "46947000",
            "costofGoodsAndServicesSold": "46947000",
            "operatingIncome": "18737000",
            "sellingGeneralAndAdministrative": "60264000",
            "researchAndDevelopment": "24418000",
            "operatingExpenses": "84682000",
            "investmentIncomeNet": "2367000",
            "netInterestIncome": "-6135000",
            "interestIncome": "None",
            "interestExpense": "6135000",
            "nonInterestIncome": "149993000",
            "otherNonOperatingIncome": "1994000",
            "depreciation": "None",
            "depreciationAndAmortization": "1500000",
            "incomeBeforeTax": "14596000",
            "incomeTaxExpense": "-5298000",
            "interestAndDebtExpense": "6135000",
            "netIncomeFromContinuingOperations": "19894000",
            "comprehensiveIncomeNetOfTax": "19355000",
            "ebit": "20731000",
            "ebitda": "22231000",
            "netIncome": "19894000"
        },
        {
            "fiscalDateEnding": "2018-06-30",
            "reportedCurrency": "USD",
            "grossProfit": "86978000",
            "totalRevenue": "132387000",
            "costOfRevenue": "45409000",
            "costofGoodsAndServicesSold": "45409000",
            "operatingIncome": "12762000",
            "sellingGeneralAndAdministrative": "50648000",
            "researchAndDevelopment": "23568000",
            "operatingExpenses": "74216000",
            "investmentIncomeNet": "2438000",
            "netInterestIncome": "-6125000",
            "interestIncome": "None",
            "interestExpense": "6125000",
            "nonInterestIncome": "127937000",
            "otherNonOperatingIncome": "-2012000",
            "depreciation": "None",
            "depreciationAndAmortization": "700000",
            "incomeBeforeTax": "4625000",
            "incomeTaxExpense": "1246000",
            "interestAndDebtExpense": "6125000",
            "netIncomeFromContinuingOperations": "3379000",
            "comprehensiveIncomeNetOfTax": "3112000",
            "ebit": "10750000",
            "ebitda": "11450000",
            "netIncome": "3379000"
        },
        {
            "fiscalDateEnding": "2018-03-31",
            "reportedCurrency": "USD",
            "grossProfit": "79617000",
            "totalRevenue": "120912000",
            "costOfRevenue": "41295000",
            "costofGoodsAndServicesSold": "41295000",
            "operatingIncome": "13798000",
            "sellingGeneralAndAdministrative": "45098000",
            "researchAndDevelopment": "20721000",
            "operatingExpenses": "65819000",
            "investmentIncomeNet": "1097000",
            "netInterestIncome": "-3764000",
            "interestIncome": "None",
            "interestExpense": "3764000",
            "nonInterestIncome": "1850000",
            "otherNonOperatingIncome": "2947000",
            "depreciation": "None",
            "depreciationAndAmortization": "600000",
            "incomeBeforeTax": "12981000",
            "incomeTaxExpense": "14000",
            "interestAndDebtExpense": "3764000",
            "netIncomeFromContinuingOperations": "12967000",
            "comprehensiveIncomeNetOfTax": "13065000",
            "ebit": "16745000",
            "ebitda": "17345000",
            "netIncome": "12967000"
        }
    ]
}