{
    "symbol": "FMC",
    "annualReports": [
        {
            "fiscalDateEnding": "2022-12-31",
            "reportedCurrency": "USD",
            "grossProfit": "2326800000",
            "totalRevenue": "5573700000",
            "costOfRevenue": "4331100000",
            "costofGoodsAndServicesSold": "3475500000",
            "operatingIncome": "1144300000",
            "sellingGeneralAndAdministrative": "775200000",
            "researchAndDevelopment": "314200000",
            "operatingExpenses": "1246100000",
            "investmentIncomeNet": "None",
            "netInterestIncome": "-151800000",
            "interestIncome": "None",
            "interestExpense": "151800000",
            "nonInterestIncome": "5725500000",
            "otherNonOperatingIncome": "None",
            "depreciation": "71100000",
            "depreciationAndAmortization": "60600000",
            "incomeBeforeTax": "881700000",
            "incomeTaxExpense": "145200000",
            "interestAndDebtExpense": "151800000",
            "netIncomeFromContinuingOperations": "833700000",
            "comprehensiveIncomeNetOfTax": "602400000",
            "ebit": "1033500000",
            "ebitda": "1094100000",
            "netIncome": "736500000"
        },
        {
            "fiscalDateEnding": "2021-12-31",
            "reportedCurrency": "USD",
            "grossProfit": "2161300000",
            "totalRevenue": "5034800000",
            "costOfRevenue": "2873500000",
            "costofGoodsAndServicesSold": "2883900000",
            "operatingIncome": "1034500000",
            "sellingGeneralAndAdministrative": "714100000",
            "researchAndDevelopment": "304700000",
            "operatingExpenses": "1188900000",
            "investmentIncomeNet": "None",
            "netInterestIncome": "-131100000",
            "interestIncome": "131100000",
            "interestExpense": "131100000",
            "nonInterestIncome": "5045200000",
            "otherNonOperatingIncome": "None",
            "depreciation": "70800000",
            "depreciationAndAmortization": "62700000",
            "incomeBeforeTax": "832100000",
            "incomeTaxExpense": "92500000",
            "interestAndDebtExpense": "131100000",
            "netIncomeFromContinuingOperations": "807800000",
            "comprehensiveIncomeNetOfTax": "694800000",
            "ebit": "963200000",
            "ebitda": "1025900000",
            "netIncome": "739600000"
        },
        {
            "fiscalDateEnding": "2020-12-31",
            "reportedCurrency": "USD",
            "grossProfit": "2046700000",
            "totalRevenue": "4636800000",
            "costOfRevenue": "2590100000",
            "costofGoodsAndServicesSold": "2595400000",
            "operatingIncome": "896900000",
            "sellingGeneralAndAdministrative": "729700000",
            "researchAndDevelopment": "287900000",
            "operatingExpenses": "1178500000",
            "investmentIncomeNet": "100000",
            "netInterestIncome": "-151300000",
            "interestIncome": "100000",
            "interestExpense": "151300000",
            "nonInterestIncome": "4642100000",
            "otherNonOperatingIncome": "100000",
            "depreciation": "71500000",
            "depreciationAndAmortization": "61900000",
            "incomeBeforeTax": "703600000",
            "incomeTaxExpense": "151200000",
            "interestAndDebtExpense": "151300000",
            "netIncomeFromContinuingOperations": "580700000",
            "comprehensiveIncomeNetOfTax": "677100000",
            "ebit": "854900000",
            "ebitda": "916800000",
            "netIncome": "552400000"
        },
        {
            "fiscalDateEnding": "2019-12-31",
            "reportedCurrency": "USD",
            "grossProfit": "2083600000",
            "totalRevenue": "4609800000",
            "costOfRevenue": "2526200000",
            "costofGoodsAndServicesSold": "2526200000",
            "operatingIncome": "821600000",
            "sellingGeneralAndAdministrative": "792900000",
            "researchAndDevelopment": "298100000",
            "operatingExpenses": "1392000000",
            "investmentIncomeNet": "1900000",
            "netInterestIncome": "-160400000",
            "interestIncome": "1900000",
            "interestExpense": "160400000",
            "nonInterestIncome": "4609700000",
            "otherNonOperatingIncome": "1900000",
            "depreciation": "69700000",
            "depreciationAndAmortization": "62600000",
            "incomeBeforeTax": "588900000",
            "incomeTaxExpense": "111500000",
            "interestAndDebtExpense": "160400000",
            "netIncomeFromContinuingOperations": "540700000",
            "comprehensiveIncomeNetOfTax": "388400000",
            "ebit": "749300000",
            "ebitda": "811900000",
            "netIncome": "477400000"
        },
        {
            "fiscalDateEnding": "2018-12-31",
            "reportedCurrency": "USD",
            "grossProfit": "1879800000",
            "totalRevenue": "4727800000",
            "costOfRevenue": "2405500000",
            "costofGoodsAndServicesSold": "2640900000",
            "operatingIncome": "740900000",
            "sellingGeneralAndAdministrative": "790000000",
            "researchAndDevelopment": "291500000",
            "operatingExpenses": "1381800000",
            "investmentIncomeNet": "1400000",
            "netInterestIncome": "-134500000",
            "interestIncome": "1400000",
            "interestExpense": "134500000",
            "nonInterestIncome": "4815000000",
            "otherNonOperatingIncome": "1500000",
            "depreciation": "73900000",
            "depreciationAndAmortization": "62900000",
            "incomeBeforeTax": "572900000",
            "incomeTaxExpense": "70800000",
            "interestAndDebtExpense": "134500000",
            "netIncomeFromContinuingOperations": "531400000",
            "comprehensiveIncomeNetOfTax": "433500000",
            "ebit": "707400000",
            "ebitda": "770300000",
            "netIncome": "502100000"
        }
    ],
    "quarterlyReports": [
        {
            "fiscalDateEnding": "2022-12-31",
            "reportedCurrency": "USD",
            "grossProfit": "685600000",
            "totalRevenue": "1633000000",
            "costOfRevenue": "1167000000",
            "costofGoodsAndServicesSold": "936400000",
            "operatingIncome": "394500000",
            "sellingGeneralAndAdministrative": "212500000",
            "researchAndDevelopment": "84400000",
            "operatingExpenses": "315200000",
            "investmentIncomeNet": "None",
            "netInterestIncome": "-44800000",
            "interestIncome": "None",
            "interestExpense": "394500000",
            "nonInterestIncome": "1622000000",
            "otherNonOperatingIncome": "None",
            "depreciation": "None",
            "depreciationAndAmortization": "14900000",
            "incomeBeforeTax": "286100000",
            "incomeTaxExpense": "12200000",
            "interestAndDebtExpense": "None",
            "netIncomeFromContinuingOperations": "328900000",
            "comprehensiveIncomeNetOfTax": "356300000",
            "ebit": "394500000",
            "ebitda": "409400000",
            "netIncome": "273900000"
        },
        {
            "fiscalDateEnding": "2022-09-30",
            "reportedCurrency": "USD",
            "grossProfit": "477500000",
            "totalRevenue": "1382200000",
            "costOfRevenue": "1096100000",
            "costofGoodsAndServicesSold": "899700000",
            "operatingIncome": "210600000",
            "sellingGeneralAndAdministrative": "179400000",
            "researchAndDevelopment": "78500000",
            "operatingExpenses": "274900000",
            "investmentIncomeNet": "None",
            "netInterestIncome": "-41800000",
            "interestIncome": "41800000",
            "interestExpense": "41800000",
            "nonInterestIncome": "1377200000",
            "otherNonOperatingIncome": "None",
            "depreciation": "None",
            "depreciationAndAmortization": "15000000",
            "incomeBeforeTax": "157000000",
            "incomeTaxExpense": "36000000",
            "interestAndDebtExpense": "None",
            "netIncomeFromContinuingOperations": "137200000",
            "comprehensiveIncomeNetOfTax": "49200000",
            "ebit": "210600000",
            "ebitda": "225600000",
            "netIncome": "121000000"
        },
        {
            "fiscalDateEnding": "2022-06-30",
            "reportedCurrency": "USD",
            "grossProfit": "591000000",
            "totalRevenue": "1452300000",
            "costOfRevenue": "861300000",
            "costofGoodsAndServicesSold": "861300000",
            "operatingIncome": "235900000",
            "sellingGeneralAndAdministrative": "194800000",
            "researchAndDevelopment": "79500000",
            "operatingExpenses": "370000000",
            "investmentIncomeNet": "None",
            "netInterestIncome": "-35300000",
            "interestIncome": "35300000",
            "interestExpense": "35300000",
            "nonInterestIncome": "1376200000",
            "otherNonOperatingIncome": "None",
            "depreciation": "None",
            "depreciationAndAmortization": "15300000",
            "incomeBeforeTax": "188900000",
            "incomeTaxExpense": "54700000",
            "interestAndDebtExpense": "None",
            "netIncomeFromContinuingOperations": "145000000",
            "comprehensiveIncomeNetOfTax": "109400000",
            "ebit": "235900000",
            "ebitda": "251200000",
            "netIncome": "134200000"
        },
        {
            "fiscalDateEnding": "2022-03-31",
            "reportedCurrency": "USD",
            "grossProfit": "572700000",
            "totalRevenue": "1350800000",
            "costOfRevenue": "778100000",
            "costofGoodsAndServicesSold": "778100000",
            "operatingIncome": "303300000",
            "sellingGeneralAndAdministrative": "188500000",
            "researchAndDevelopment": "71800000",
            "operatingExpenses": "291800000",
            "investmentIncomeNet": "None",
            "netInterestIncome": "-29900000",
            "interestIncome": "29900000",
            "interestExpense": "29900000",
            "nonInterestIncome": "1350800000",
            "otherNonOperatingIncome": "None",
            "depreciation": "None",
            "depreciationAndAmortization": "15400000",
            "incomeBeforeTax": "249700000",
            "incomeTaxExpense": "42300000",
            "interestAndDebtExpense": "None",
            "netIncomeFromContinuingOperations": "222600000",
            "comprehensiveIncomeNetOfTax": "87500000",
            "ebit": "303300000",
            "ebitda": "318700000",
            "netIncome": "207400000"
        },
        {
            "fiscalDateEnding": "2021-12-31",
            "reportedCurrency": "USD",
            "grossProfit": "608100000",
            "totalRevenue": "1407000000",
            "costOfRevenue": "798900000",
            "costofGoodsAndServicesSold": "805500000",
            "operatingIncome": "272000000",
            "sellingGeneralAndAdministrative": "195100000",
            "researchAndDevelopment": "85300000",
            "operatingExpenses": "380000000",
            "investmentIncomeNet": "None",
            "netInterestIncome": "-33000000",
            "interestIncome": "33000000",
            "interestExpense": "33000000",
            "nonInterestIncome": "1413600000",
            "otherNonOperatingIncome": "None",
            "depreciation": "None",
            "depreciationAndAmortization": "15500000",
            "incomeBeforeTax": "207400000",
            "incomeTaxExpense": "16700000",
            "interestAndDebtExpense": "None",
            "netIncomeFromContinuingOperations": "226500000",
            "comprehensiveIncomeNetOfTax": "156400000",
            "ebit": "272000000",
            "ebitda": "287500000",
            "netIncome": "190700000"
        },
        {
            "fiscalDateEnding": "2021-09-30",
            "reportedCurrency": "USD",
            "grossProfit": "511500000",
            "totalRevenue": "1192700000",
            "costOfRevenue": "681200000",
            "costofGoodsAndServicesSold": "682500000",
            "operatingIncome": "215700000",
            "sellingGeneralAndAdministrative": "183500000",
            "researchAndDevelopment": "79500000",
            "operatingExpenses": "284500000",
            "investmentIncomeNet": "None",
            "netInterestIncome": "-33100000",
            "interestIncome": "33100000",
            "interestExpense": "33100000",
            "nonInterestIncome": "1194000000",
            "otherNonOperatingIncome": "None",
            "depreciation": "None",
            "depreciationAndAmortization": "15700000",
            "incomeBeforeTax": "168900000",
            "incomeTaxExpense": "9200000",
            "interestAndDebtExpense": "None",
            "netIncomeFromContinuingOperations": "169400000",
            "comprehensiveIncomeNetOfTax": "177200000",
            "ebit": "215700000",
            "ebitda": "231400000",
            "netIncome": "159700000"
        },
        {
            "fiscalDateEnding": "2021-06-30",
            "reportedCurrency": "USD",
            "grossProfit": "530600000",
            "totalRevenue": "1240800000",
            "costOfRevenue": "710200000",
            "costofGoodsAndServicesSold": "710200000",
            "operatingIncome": "287400000",
            "sellingGeneralAndAdministrative": "161000000",
            "researchAndDevelopment": "65900000",
            "operatingExpenses": "256900000",
            "investmentIncomeNet": "None",
            "netInterestIncome": "-32600000",
            "interestIncome": "32600000",
            "interestExpense": "32600000",
            "nonInterestIncome": "1242000000",
            "otherNonOperatingIncome": "None",
            "depreciation": "None",
            "depreciationAndAmortization": "15700000",
            "incomeBeforeTax": "238100000",
            "incomeTaxExpense": "33400000",
            "interestAndDebtExpense": "None",
            "netIncomeFromContinuingOperations": "219300000",
            "comprehensiveIncomeNetOfTax": "181200000",
            "ebit": "287400000",
            "ebitda": "303100000",
            "netIncome": "204700000"
        },
        {
            "fiscalDateEnding": "2021-03-31",
            "reportedCurrency": "USD",
            "grossProfit": "511100000",
            "totalRevenue": "1194300000",
            "costOfRevenue": "683200000",
            "costofGoodsAndServicesSold": "683200000",
            "operatingIncome": "259400000",
            "sellingGeneralAndAdministrative": "174500000",
            "researchAndDevelopment": "74000000",
            "operatingExpenses": "267500000",
            "investmentIncomeNet": "None",
            "netInterestIncome": "-32400000",
            "interestIncome": "32400000",
            "interestExpense": "32400000",
            "nonInterestIncome": "1195600000",
            "otherNonOperatingIncome": "None",
            "depreciation": "None",
            "depreciationAndAmortization": "15800000",
            "incomeBeforeTax": "216700000",
            "incomeTaxExpense": "32200000",
            "interestAndDebtExpense": "None",
            "netIncomeFromContinuingOperations": "192600000",
            "comprehensiveIncomeNetOfTax": "182000000",
            "ebit": "259400000",
            "ebitda": "275200000",
            "netIncome": "184500000"
        },
        {
            "fiscalDateEnding": "2020-12-31",
            "reportedCurrency": "USD",
            "grossProfit": "501400000",
            "totalRevenue": "1152200000",
            "costOfRevenue": "650800000",
            "costofGoodsAndServicesSold": "650800000",
            "operatingIncome": "146900000",
            "sellingGeneralAndAdministrative": "181600000",
            "researchAndDevelopment": "84600000",
            "operatingExpenses": "72800000",
            "investmentIncomeNet": "None",
            "netInterestIncome": "-34200000",
            "interestIncome": "34200000",
            "interestExpense": "34300000",
            "nonInterestIncome": "1152200000",
            "otherNonOperatingIncome": "100000",
            "depreciation": "None",
            "depreciationAndAmortization": "15500000",
            "incomeBeforeTax": "118400000",
            "incomeTaxExpense": "68900000",
            "interestAndDebtExpense": "None",
            "netIncomeFromContinuingOperations": "41100000",
            "comprehensiveIncomeNetOfTax": "121000000",
            "ebit": "146900000",
            "ebitda": "162400000",
            "netIncome": "49500000"
        },
        {
            "fiscalDateEnding": "2020-09-30",
            "reportedCurrency": "USD",
            "grossProfit": "466400000",
            "totalRevenue": "1084600000",
            "costOfRevenue": "618200000",
            "costofGoodsAndServicesSold": "618200000",
            "operatingIncome": "196000000",
            "sellingGeneralAndAdministrative": "187700000",
            "researchAndDevelopment": "71700000",
            "operatingExpenses": "290100000",
            "investmentIncomeNet": "None",
            "netInterestIncome": "-35500000",
            "interestIncome": "35500000",
            "interestExpense": "35500000",
            "nonInterestIncome": "1084600000",
            "otherNonOperatingIncome": "None",
            "depreciation": "None",
            "depreciationAndAmortization": "15800000",
            "incomeBeforeTax": "129800000",
            "incomeTaxExpense": "18400000",
            "interestAndDebtExpense": "None",
            "netIncomeFromContinuingOperations": "129800000",
            "comprehensiveIncomeNetOfTax": "168700000",
            "ebit": "196000000",
            "ebitda": "211800000",
            "netIncome": "111400000"
        },
        {
            "fiscalDateEnding": "2020-06-30",
            "reportedCurrency": "USD",
            "grossProfit": "522700000",
            "totalRevenue": "1155300000",
            "costOfRevenue": "632600000",
            "costofGoodsAndServicesSold": "632600000",
            "operatingIncome": "267900000",
            "sellingGeneralAndAdministrative": "171000000",
            "researchAndDevelopment": "64300000",
            "operatingExpenses": "282100000",
            "investmentIncomeNet": "None",
            "netInterestIncome": "-40700000",
            "interestIncome": "40700000",
            "interestExpense": "40700000",
            "nonInterestIncome": "1155300000",
            "otherNonOperatingIncome": "None",
            "depreciation": "None",
            "depreciationAndAmortization": "15300000",
            "incomeBeforeTax": "213600000",
            "incomeTaxExpense": "29200000",
            "interestAndDebtExpense": "None",
            "netIncomeFromContinuingOperations": "195200000",
            "comprehensiveIncomeNetOfTax": "196000000",
            "ebit": "267900000",
            "ebitda": "283200000",
            "netIncome": "184400000"
        },
        {
            "fiscalDateEnding": "2020-03-31",
            "reportedCurrency": "USD",
            "grossProfit": "561500000",
            "totalRevenue": "1250000000",
            "costOfRevenue": "688500000",
            "costofGoodsAndServicesSold": "688500000",
            "operatingIncome": "291400000",
            "sellingGeneralAndAdministrative": "189400000",
            "researchAndDevelopment": "67300000",
            "operatingExpenses": "307500000",
            "investmentIncomeNet": "None",
            "netInterestIncome": "-40800000",
            "interestIncome": "40800000",
            "interestExpense": "40800000",
            "nonInterestIncome": "1250000000",
            "otherNonOperatingIncome": "None",
            "depreciation": "None",
            "depreciationAndAmortization": "15300000",
            "incomeBeforeTax": "240900000",
            "incomeTaxExpense": "34700000",
            "interestAndDebtExpense": "None",
            "netIncomeFromContinuingOperations": "213700000",
            "comprehensiveIncomeNetOfTax": "191400000",
            "ebit": "291400000",
            "ebitda": "306700000",
            "netIncome": "206200000"
        },
        {
            "fiscalDateEnding": "2019-12-31",
            "reportedCurrency": "USD",
            "grossProfit": "556000000",
            "totalRevenue": "1197300000",
            "costOfRevenue": "641300000",
            "costofGoodsAndServicesSold": "641300000",
            "operatingIncome": "112100000",
            "sellingGeneralAndAdministrative": "223800000",
            "researchAndDevelopment": "76400000",
            "operatingExpenses": "72800000",
            "investmentIncomeNet": "None",
            "netInterestIncome": "-42900000",
            "interestIncome": "42900000",
            "interestExpense": "44800000",
            "nonInterestIncome": "1197300000",
            "otherNonOperatingIncome": "1900000",
            "depreciation": "None",
            "depreciationAndAmortization": "15400000",
            "incomeBeforeTax": "32700000",
            "incomeTaxExpense": "35900000",
            "interestAndDebtExpense": "None",
            "netIncomeFromContinuingOperations": "30300000",
            "comprehensiveIncomeNetOfTax": "11600000",
            "ebit": "112100000",
            "ebitda": "127500000",
            "netIncome": "-3200000"
        },
        {
            "fiscalDateEnding": "2019-09-30",
            "reportedCurrency": "USD",
            "grossProfit": "432400000",
            "totalRevenue": "1014300000",
            "costOfRevenue": "581900000",
            "costofGoodsAndServicesSold": "581900000",
            "operatingIncome": "159900000",
            "sellingGeneralAndAdministrative": "188300000",
            "researchAndDevelopment": "77400000",
            "operatingExpenses": "289000000",
            "investmentIncomeNet": "None",
            "netInterestIncome": "-41600000",
            "interestIncome": "41600000",
            "interestExpense": "41600000",
            "nonInterestIncome": "1014200000",
            "otherNonOperatingIncome": "None",
            "depreciation": "None",
            "depreciationAndAmortization": "16100000",
            "incomeBeforeTax": "99100000",
            "incomeTaxExpense": "8700000",
            "interestAndDebtExpense": "None",
            "netIncomeFromContinuingOperations": "111700000",
            "comprehensiveIncomeNetOfTax": "17100000",
            "ebit": "159900000",
            "ebitda": "176000000",
            "netIncome": "90400000"
        },
        {
            "fiscalDateEnding": "2019-06-30",
            "reportedCurrency": "USD",
            "grossProfit": "550500000",
            "totalRevenue": "1206100000",
            "costOfRevenue": "655600000",
            "costofGoodsAndServicesSold": "655600000",
            "operatingIncome": "267800000",
            "sellingGeneralAndAdministrative": "196900000",
            "researchAndDevelopment": "73100000",
            "operatingExpenses": "300800000",
            "investmentIncomeNet": "None",
            "netInterestIncome": "-39500000",
            "interestIncome": "39500000",
            "interestExpense": "39500000",
            "nonInterestIncome": "1206100000",
            "otherNonOperatingIncome": "None",
            "depreciation": "None",
            "depreciationAndAmortization": "15500000",
            "incomeBeforeTax": "205100000",
            "incomeTaxExpense": "30600000",
            "interestAndDebtExpense": "None",
            "netIncomeFromContinuingOperations": "192600000",
            "comprehensiveIncomeNetOfTax": "145400000",
            "ebit": "267800000",
            "ebitda": "283300000",
            "netIncome": "174500000"
        },
        {
            "fiscalDateEnding": "2019-03-31",
            "reportedCurrency": "USD",
            "grossProfit": "544700000",
            "totalRevenue": "1192100000",
            "costOfRevenue": "647400000",
            "costofGoodsAndServicesSold": "647400000",
            "operatingIncome": "281800000",
            "sellingGeneralAndAdministrative": "183900000",
            "researchAndDevelopment": "71200000",
            "operatingExpenses": "283000000",
            "investmentIncomeNet": "None",
            "netInterestIncome": "-34500000",
            "interestIncome": "34500000",
            "interestExpense": "34500000",
            "nonInterestIncome": "1192100000",
            "otherNonOperatingIncome": "None",
            "depreciation": "None",
            "depreciationAndAmortization": "15600000",
            "incomeBeforeTax": "252000000",
            "incomeTaxExpense": "36300000",
            "interestAndDebtExpense": "None",
            "netIncomeFromContinuingOperations": "206100000",
            "comprehensiveIncomeNetOfTax": "214300000",
            "ebit": "281800000",
            "ebitda": "297400000",
            "netIncome": "215700000"
        },
        {
            "fiscalDateEnding": "2018-12-31",
            "reportedCurrency": "USD",
            "grossProfit": "491700000",
            "totalRevenue": "1541900000",
            "costOfRevenue": "607700000",
            "costofGoodsAndServicesSold": "677300000",
            "operatingIncome": "177500000",
            "sellingGeneralAndAdministrative": "202600000",
            "researchAndDevelopment": "77700000",
            "operatingExpenses": "238500000",
            "investmentIncomeNet": "None",
            "netInterestIncome": "None",
            "interestIncome": "None",
            "interestExpense": "32800000",
            "nonInterestIncome": "1219200000",
            "otherNonOperatingIncome": "1400000",
            "depreciation": "None",
            "depreciationAndAmortization": "15900000",
            "incomeBeforeTax": "21800000",
            "incomeTaxExpense": "-10600000",
            "interestAndDebtExpense": "None",
            "netIncomeFromContinuingOperations": "157700000",
            "comprehensiveIncomeNetOfTax": "23000000",
            "ebit": "177500000",
            "ebitda": "193400000",
            "netIncome": "32400000"
        },
        {
            "fiscalDateEnding": "2018-09-30",
            "reportedCurrency": "USD",
            "grossProfit": "395200000",
            "totalRevenue": "923600000",
            "costOfRevenue": "528400000",
            "costofGoodsAndServicesSold": "589400000",
            "operatingIncome": "105100000",
            "sellingGeneralAndAdministrative": "194600000",
            "researchAndDevelopment": "70900000",
            "operatingExpenses": "353300000",
            "investmentIncomeNet": "None",
            "netInterestIncome": "None",
            "interestIncome": "None",
            "interestExpense": "33400000",
            "nonInterestIncome": "1037800000",
            "otherNonOperatingIncome": "None",
            "depreciation": "None",
            "depreciationAndAmortization": "15900000",
            "incomeBeforeTax": "94800000",
            "incomeTaxExpense": "22000000",
            "interestAndDebtExpense": "None",
            "netIncomeFromContinuingOperations": "48900000",
            "comprehensiveIncomeNetOfTax": "66500000",
            "ebit": "105100000",
            "ebitda": "121000000",
            "netIncome": "72800000"
        },
        {
            "fiscalDateEnding": "2018-06-30",
            "reportedCurrency": "USD",
            "grossProfit": "490400000",
            "totalRevenue": "1154400000",
            "costOfRevenue": "664000000",
            "costofGoodsAndServicesSold": "718200000",
            "operatingIncome": "133300000",
            "sellingGeneralAndAdministrative": "200300000",
            "researchAndDevelopment": "77000000",
            "operatingExpenses": "521500000",
            "investmentIncomeNet": "None",
            "netInterestIncome": "None",
            "interestIncome": "None",
            "interestExpense": "34400000",
            "nonInterestIncome": "1262300000",
            "otherNonOperatingIncome": "None",
            "depreciation": "None",
            "depreciationAndAmortization": "17600000",
            "incomeBeforeTax": "128600000",
            "incomeTaxExpense": "-1100000",
            "interestAndDebtExpense": "None",
            "netIncomeFromContinuingOperations": "97000000",
            "comprehensiveIncomeNetOfTax": "22000000",
            "ebit": "133300000",
            "ebitda": "150900000",
            "netIncome": "129700000"
        },
        {
            "fiscalDateEnding": "2018-03-31",
            "reportedCurrency": "USD",
            "grossProfit": "502500000",
            "totalRevenue": "1107900000",
            "costOfRevenue": "605400000",
            "costofGoodsAndServicesSold": "656000000",
            "operatingIncome": "325000000",
            "sellingGeneralAndAdministrative": "192500000",
            "researchAndDevelopment": "65900000",
            "operatingExpenses": "261600000",
            "investmentIncomeNet": "None",
            "netInterestIncome": "None",
            "interestIncome": "None",
            "interestExpense": "33900000",
            "nonInterestIncome": "1295700000",
            "otherNonOperatingIncome": "100000",
            "depreciation": "None",
            "depreciationAndAmortization": "13500000",
            "incomeBeforeTax": "327700000",
            "incomeTaxExpense": "60500000",
            "interestAndDebtExpense": "None",
            "netIncomeFromContinuingOperations": "227800000",
            "comprehensiveIncomeNetOfTax": "322000000",
            "ebit": "325000000",
            "ebitda": "338500000",
            "netIncome": "267200000"
        }
    ]
}