{
    "symbol": "GEN",
    "annualReports": [
        {
            "fiscalDateEnding": "2022-03-31",
            "reportedCurrency": "USD",
            "grossProfit": "2388000000",
            "totalRevenue": "2796000000",
            "costOfRevenue": "408000000",
            "costofGoodsAndServicesSold": "408000000",
            "operatingIncome": "1005000000",
            "sellingGeneralAndAdministrative": "392000000",
            "researchAndDevelopment": "253000000",
            "operatingExpenses": "1383000000",
            "investmentIncomeNet": "None",
            "netInterestIncome": "-126000000",
            "interestIncome": "None",
            "interestExpense": "126000000",
            "nonInterestIncome": "None",
            "otherNonOperatingIncome": "-7000000",
            "depreciation": "16000000",
            "depreciationAndAmortization": "140000000",
            "incomeBeforeTax": "1042000000",
            "incomeTaxExpense": "206000000",
            "interestAndDebtExpense": "126000000",
            "netIncomeFromContinuingOperations": "836000000",
            "comprehensiveIncomeNetOfTax": "785000000",
            "ebit": "1005000000",
            "ebitda": "1308000000",
            "netIncome": "836000000"
        },
        {
            "fiscalDateEnding": "2021-03-31",
            "reportedCurrency": "USD",
            "grossProfit": "2189000000",
            "totalRevenue": "2551000000",
            "costOfRevenue": "362000000",
            "costofGoodsAndServicesSold": "362000000",
            "operatingIncome": "896000000",
            "sellingGeneralAndAdministrative": "791000000",
            "researchAndDevelopment": "267000000",
            "operatingExpenses": "1293000000",
            "investmentIncomeNet": "None",
            "netInterestIncome": "-140000000",
            "interestIncome": "4000000",
            "interestExpense": "144000000",
            "nonInterestIncome": "2670000000",
            "otherNonOperatingIncome": "6000000",
            "depreciation": "45000000",
            "depreciationAndAmortization": "74000000",
            "incomeBeforeTax": "730000000",
            "incomeTaxExpense": "176000000",
            "interestAndDebtExpense": "144000000",
            "netIncomeFromContinuingOperations": "696000000",
            "comprehensiveIncomeNetOfTax": "617000000",
            "ebit": "896000000",
            "ebitda": "970000000",
            "netIncome": "554000000"
        },
        {
            "fiscalDateEnding": "2020-03-31",
            "reportedCurrency": "USD",
            "grossProfit": "2097000000",
            "totalRevenue": "2490000000",
            "costOfRevenue": "393000000",
            "costofGoodsAndServicesSold": "2485010000",
            "operatingIncome": "355000000",
            "sellingGeneralAndAdministrative": "1069000000",
            "researchAndDevelopment": "328000000",
            "operatingExpenses": "1742000000",
            "investmentIncomeNet": "None",
            "netInterestIncome": "-116000000",
            "interestIncome": "80000000",
            "interestExpense": "180392000",
            "nonInterestIncome": "8547000000",
            "otherNonOperatingIncome": "7000000",
            "depreciation": "122000000",
            "depreciationAndAmortization": "79000000",
            "incomeBeforeTax": "4128000000",
            "incomeTaxExpense": "241000000",
            "interestAndDebtExpense": "196000000",
            "netIncomeFromContinuingOperations": "578000000",
            "comprehensiveIncomeNetOfTax": "3878000000",
            "ebit": "355000000",
            "ebitda": "434000000",
            "netIncome": "3887000000"
        },
        {
            "fiscalDateEnding": "2019-03-31",
            "reportedCurrency": "USD",
            "grossProfit": "2001000000",
            "totalRevenue": "2456000000",
            "costOfRevenue": "455000000",
            "costofGoodsAndServicesSold": "2786908000",
            "operatingIncome": "158000000",
            "sellingGeneralAndAdministrative": "1940000000",
            "researchAndDevelopment": "420000000",
            "operatingExpenses": "1843000000",
            "investmentIncomeNet": "None",
            "netInterestIncome": "-166000000",
            "interestIncome": "42000000",
            "interestExpense": "463738000",
            "nonInterestIncome": "4713000000",
            "otherNonOperatingIncome": "13000000",
            "depreciation": "139000000",
            "depreciationAndAmortization": "207000000",
            "incomeBeforeTax": "34000000",
            "incomeTaxExpense": "3000000",
            "interestAndDebtExpense": "208000000",
            "netIncomeFromContinuingOperations": "-110000000",
            "comprehensiveIncomeNetOfTax": "20000000",
            "ebit": "158000000",
            "ebitda": "365000000",
            "netIncome": "31000000"
        },
        {
            "fiscalDateEnding": "2018-03-31",
            "reportedCurrency": "USD",
            "grossProfit": "2096000000",
            "totalRevenue": "2559000000",
            "costOfRevenue": "463000000",
            "costofGoodsAndServicesSold": "3036868000",
            "operatingIncome": "-154000000",
            "sellingGeneralAndAdministrative": "2167000000",
            "researchAndDevelopment": "455000000",
            "operatingExpenses": "2250000000",
            "investmentIncomeNet": "None",
            "netInterestIncome": "-14000000",
            "interestIncome": "24000000",
            "interestExpense": "38000000",
            "nonInterestIncome": "5459000000",
            "otherNonOperatingIncome": "21000000",
            "depreciation": "151000000",
            "depreciationAndAmortization": "220000000",
            "incomeBeforeTax": "418000000",
            "incomeTaxExpense": "-720000000",
            "interestAndDebtExpense": "256000000",
            "netIncomeFromContinuingOperations": "964000000",
            "comprehensiveIncomeNetOfTax": "1130000000",
            "ebit": "-154000000",
            "ebitda": "676000000",
            "netIncome": "1138000000"
        }
    ],
    "quarterlyReports": [
        {
            "fiscalDateEnding": "2022-12-31",
            "reportedCurrency": "USD",
            "grossProfit": "758000000",
            "totalRevenue": "936000000",
            "costOfRevenue": "178000000",
            "costofGoodsAndServicesSold": "178000000",
            "operatingIncome": "368000000",
            "sellingGeneralAndAdministrative": "194000000",
            "researchAndDevelopment": "91000000",
            "operatingExpenses": "390000000",
            "investmentIncomeNet": "None",
            "netInterestIncome": "-154000000",
            "interestIncome": "5000000",
            "interestExpense": "154000000",
            "nonInterestIncome": "929000000",
            "otherNonOperatingIncome": "4000000",
            "depreciation": "None",
            "depreciationAndAmortization": "61000000",
            "incomeBeforeTax": "216000000",
            "incomeTaxExpense": "51000000",
            "interestAndDebtExpense": "154000000",
            "netIncomeFromContinuingOperations": "165000000",
            "comprehensiveIncomeNetOfTax": "152000000",
            "ebit": "368000000",
            "ebitda": "429000000",
            "netIncome": "165000000"
        },
        {
            "fiscalDateEnding": "2022-09-30",
            "reportedCurrency": "USD",
            "grossProfit": "629000000",
            "totalRevenue": "748000000",
            "costOfRevenue": "119000000",
            "costofGoodsAndServicesSold": "119000000",
            "operatingIncome": "241000000",
            "sellingGeneralAndAdministrative": "277000000",
            "researchAndDevelopment": "73000000",
            "operatingExpenses": "388000000",
            "investmentIncomeNet": "None",
            "netInterestIncome": "-45000000",
            "interestIncome": "3000000",
            "interestExpense": "48000000",
            "nonInterestIncome": "741000000",
            "otherNonOperatingIncome": "6000000",
            "depreciation": "None",
            "depreciationAndAmortization": "29000000",
            "incomeBeforeTax": "195000000",
            "incomeTaxExpense": "126000000",
            "interestAndDebtExpense": "48000000",
            "netIncomeFromContinuingOperations": "69000000",
            "comprehensiveIncomeNetOfTax": "98000000",
            "ebit": "241000000",
            "ebitda": "270000000",
            "netIncome": "69000000"
        },
        {
            "fiscalDateEnding": "2022-06-30",
            "reportedCurrency": "USD",
            "grossProfit": "605000000",
            "totalRevenue": "27000000",
            "costOfRevenue": "102000000",
            "costofGoodsAndServicesSold": "102000000",
            "operatingIncome": "261000000",
            "sellingGeneralAndAdministrative": "104000000",
            "researchAndDevelopment": "61000000",
            "operatingExpenses": "344000000",
            "investmentIncomeNet": "None",
            "netInterestIncome": "-29000000",
            "interestIncome": "2000000",
            "interestExpense": "31000000",
            "nonInterestIncome": "None",
            "otherNonOperatingIncome": "-2000000",
            "depreciation": "None",
            "depreciationAndAmortization": "29000000",
            "incomeBeforeTax": "229000000",
            "incomeTaxExpense": "29000000",
            "interestAndDebtExpense": "31000000",
            "netIncomeFromContinuingOperations": "200000000",
            "comprehensiveIncomeNetOfTax": "160000000",
            "ebit": "261000000",
            "ebitda": "282000000",
            "netIncome": "200000000"
        },
        {
            "fiscalDateEnding": "2022-03-31",
            "reportedCurrency": "USD",
            "grossProfit": "615000000",
            "totalRevenue": "716000000",
            "costOfRevenue": "101000000",
            "costofGoodsAndServicesSold": "101000000",
            "operatingIncome": "129000000",
            "sellingGeneralAndAdministrative": "242000000",
            "researchAndDevelopment": "59000000",
            "operatingExpenses": "486000000",
            "investmentIncomeNet": "None",
            "netInterestIncome": "-31000000",
            "interestIncome": "None",
            "interestExpense": "31000000",
            "nonInterestIncome": "None",
            "otherNonOperatingIncome": "1000000",
            "depreciation": "None",
            "depreciationAndAmortization": "32000000",
            "incomeBeforeTax": "96000000",
            "incomeTaxExpense": "-24000000",
            "interestAndDebtExpense": "31000000",
            "netIncomeFromContinuingOperations": "120000000",
            "comprehensiveIncomeNetOfTax": "94000000",
            "ebit": "129000000",
            "ebitda": "159000000",
            "netIncome": "120000000"
        },
        {
            "fiscalDateEnding": "2021-12-31",
            "reportedCurrency": "USD",
            "grossProfit": "597000000",
            "totalRevenue": "702000000",
            "costOfRevenue": "105000000",
            "costofGoodsAndServicesSold": "105000000",
            "operatingIncome": "302000000",
            "sellingGeneralAndAdministrative": "202000000",
            "researchAndDevelopment": "60000000",
            "operatingExpenses": "295000000",
            "investmentIncomeNet": "None",
            "netInterestIncome": "-32000000",
            "interestIncome": "None",
            "interestExpense": "32000000",
            "nonInterestIncome": "703000000",
            "otherNonOperatingIncome": "-10000000",
            "depreciation": "None",
            "depreciationAndAmortization": "21000000",
            "incomeBeforeTax": "261000000",
            "incomeTaxExpense": "59000000",
            "interestAndDebtExpense": "32000000",
            "netIncomeFromContinuingOperations": "202000000",
            "comprehensiveIncomeNetOfTax": "190000000",
            "ebit": "302000000",
            "ebitda": "323000000",
            "netIncome": "202000000"
        },
        {
            "fiscalDateEnding": "2021-09-30",
            "reportedCurrency": "USD",
            "grossProfit": "592000000",
            "totalRevenue": "692000000",
            "costOfRevenue": "100000000",
            "costofGoodsAndServicesSold": "100000000",
            "operatingIncome": "287000000",
            "sellingGeneralAndAdministrative": "213000000",
            "researchAndDevelopment": "66000000",
            "operatingExpenses": "305000000",
            "investmentIncomeNet": "None",
            "netInterestIncome": "-31000000",
            "interestIncome": "None",
            "interestExpense": "31000000",
            "nonInterestIncome": "868000000",
            "otherNonOperatingIncome": "1000000",
            "depreciation": "None",
            "depreciationAndAmortization": "21000000",
            "incomeBeforeTax": "433000000",
            "incomeTaxExpense": "100000000",
            "interestAndDebtExpense": "31000000",
            "netIncomeFromContinuingOperations": "333000000",
            "comprehensiveIncomeNetOfTax": "318000000",
            "ebit": "287000000",
            "ebitda": "308000000",
            "netIncome": "333000000"
        },
        {
            "fiscalDateEnding": "2021-06-30",
            "reportedCurrency": "USD",
            "grossProfit": "584000000",
            "totalRevenue": "686000000",
            "costOfRevenue": "102000000",
            "costofGoodsAndServicesSold": "102000000",
            "operatingIncome": "287000000",
            "sellingGeneralAndAdministrative": "201000000",
            "researchAndDevelopment": "68000000",
            "operatingExpenses": "297000000",
            "investmentIncomeNet": "None",
            "netInterestIncome": "None",
            "interestIncome": "None",
            "interestExpense": "32000000",
            "nonInterestIncome": "682000000",
            "otherNonOperatingIncome": "1000000",
            "depreciation": "None",
            "depreciationAndAmortization": "21000000",
            "incomeBeforeTax": "252000000",
            "incomeTaxExpense": "71000000",
            "interestAndDebtExpense": "32000000",
            "netIncomeFromContinuingOperations": "181000000",
            "comprehensiveIncomeNetOfTax": "183000000",
            "ebit": "287000000",
            "ebitda": "308000000",
            "netIncome": "181000000"
        },
        {
            "fiscalDateEnding": "2021-03-31",
            "reportedCurrency": "USD",
            "grossProfit": "573000000",
            "totalRevenue": "672000000",
            "costOfRevenue": "99000000",
            "costofGoodsAndServicesSold": "99000000",
            "operatingIncome": "266000000",
            "sellingGeneralAndAdministrative": "200000000",
            "researchAndDevelopment": "68000000",
            "operatingExpenses": "307000000",
            "investmentIncomeNet": "None",
            "netInterestIncome": "None",
            "interestIncome": "None",
            "interestExpense": "35000000",
            "nonInterestIncome": "733000000",
            "otherNonOperatingIncome": "-4000000",
            "depreciation": "None",
            "depreciationAndAmortization": "20000000",
            "incomeBeforeTax": "275000000",
            "incomeTaxExpense": "81000000",
            "interestAndDebtExpense": "35000000",
            "netIncomeFromContinuingOperations": "208000000",
            "comprehensiveIncomeNetOfTax": "183000000",
            "ebit": "266000000",
            "ebitda": "286000000",
            "netIncome": "194000000"
        },
        {
            "fiscalDateEnding": "2020-12-31",
            "reportedCurrency": "USD",
            "grossProfit": "552000000",
            "totalRevenue": "639000000",
            "costOfRevenue": "87000000",
            "costofGoodsAndServicesSold": "87000000",
            "operatingIncome": "280000000",
            "sellingGeneralAndAdministrative": "182000000",
            "researchAndDevelopment": "71000000",
            "operatingExpenses": "272000000",
            "investmentIncomeNet": "None",
            "netInterestIncome": "None",
            "interestIncome": "None",
            "interestExpense": "32000000",
            "nonInterestIncome": "641000000",
            "otherNonOperatingIncome": "3000000",
            "depreciation": "None",
            "depreciationAndAmortization": "18000000",
            "incomeBeforeTax": "258000000",
            "incomeTaxExpense": "80000000",
            "interestAndDebtExpense": "32000000",
            "netIncomeFromContinuingOperations": "173000000",
            "comprehensiveIncomeNetOfTax": "214000000",
            "ebit": "280000000",
            "ebitda": "298000000",
            "netIncome": "178000000"
        },
        {
            "fiscalDateEnding": "2020-09-30",
            "reportedCurrency": "USD",
            "grossProfit": "536000000",
            "totalRevenue": "626000000",
            "costOfRevenue": "90000000",
            "costofGoodsAndServicesSold": "90000000",
            "operatingIncome": "230000000",
            "sellingGeneralAndAdministrative": "211000000",
            "researchAndDevelopment": "63000000",
            "operatingExpenses": "306000000",
            "investmentIncomeNet": "None",
            "netInterestIncome": "None",
            "interestIncome": "None",
            "interestExpense": "37000000",
            "nonInterestIncome": "661000000",
            "otherNonOperatingIncome": "3000000",
            "depreciation": "None",
            "depreciationAndAmortization": "18000000",
            "incomeBeforeTax": "129000000",
            "incomeTaxExpense": "65000000",
            "interestAndDebtExpense": "37000000",
            "netIncomeFromContinuingOperations": "166000000",
            "comprehensiveIncomeNetOfTax": "90000000",
            "ebit": "230000000",
            "ebitda": "248000000",
            "netIncome": "64000000"
        },
        {
            "fiscalDateEnding": "2020-06-30",
            "reportedCurrency": "USD",
            "grossProfit": "528000000",
            "totalRevenue": "614000000",
            "costOfRevenue": "86000000",
            "costofGoodsAndServicesSold": "86000000",
            "operatingIncome": "120000000",
            "sellingGeneralAndAdministrative": "198000000",
            "researchAndDevelopment": "65000000",
            "operatingExpenses": "408000000",
            "investmentIncomeNet": "None",
            "netInterestIncome": "None",
            "interestIncome": "None",
            "interestExpense": "40000000",
            "nonInterestIncome": "635000000",
            "otherNonOperatingIncome": "4000000",
            "depreciation": "None",
            "depreciationAndAmortization": "18000000",
            "incomeBeforeTax": "68000000",
            "incomeTaxExpense": "-50000000",
            "interestAndDebtExpense": "40000000",
            "netIncomeFromContinuingOperations": "149000000",
            "comprehensiveIncomeNetOfTax": "130000000",
            "ebit": "120000000",
            "ebitda": "138000000",
            "netIncome": "118000000"
        },
        {
            "fiscalDateEnding": "2020-03-31",
            "reportedCurrency": "USD",
            "grossProfit": "517000000",
            "totalRevenue": "614000000",
            "costOfRevenue": "97000000",
            "costofGoodsAndServicesSold": "97000000",
            "operatingIncome": "44000000",
            "sellingGeneralAndAdministrative": "247000000",
            "researchAndDevelopment": "70000000",
            "operatingExpenses": "473000000",
            "investmentIncomeNet": "None",
            "netInterestIncome": "None",
            "interestIncome": "None",
            "interestExpense": "50000000",
            "nonInterestIncome": "877000000",
            "otherNonOperatingIncome": "7000000",
            "depreciation": "None",
            "depreciationAndAmortization": "18000000",
            "incomeBeforeTax": "339000000",
            "incomeTaxExpense": "108000000",
            "interestAndDebtExpense": "50000000",
            "netIncomeFromContinuingOperations": "149000000",
            "comprehensiveIncomeNetOfTax": "203000000",
            "ebit": "44000000",
            "ebitda": "62000000",
            "netIncome": "231000000"
        },
        {
            "fiscalDateEnding": "2019-12-31",
            "reportedCurrency": "USD",
            "grossProfit": "515000000",
            "totalRevenue": "618000000",
            "costOfRevenue": "103000000",
            "costofGoodsAndServicesSold": "103000000",
            "operatingIncome": "62000000",
            "sellingGeneralAndAdministrative": "263000000",
            "researchAndDevelopment": "72000000",
            "operatingExpenses": "453000000",
            "investmentIncomeNet": "None",
            "netInterestIncome": "None",
            "interestIncome": "None",
            "interestExpense": "51000000",
            "nonInterestIncome": "992000000",
            "otherNonOperatingIncome": "-4000000",
            "depreciation": "None",
            "depreciationAndAmortization": "20000000",
            "incomeBeforeTax": "2902000000",
            "incomeTaxExpense": "57000000",
            "interestAndDebtExpense": "51000000",
            "netIncomeFromContinuingOperations": "353000000",
            "comprehensiveIncomeNetOfTax": "2859000000",
            "ebit": "62000000",
            "ebitda": "82000000",
            "netIncome": "2845000000"
        },
        {
            "fiscalDateEnding": "2019-09-30",
            "reportedCurrency": "USD",
            "grossProfit": "511000000",
            "totalRevenue": "608000000",
            "costOfRevenue": "97000000",
            "costofGoodsAndServicesSold": "100000000",
            "operatingIncome": "109000000",
            "sellingGeneralAndAdministrative": "279000000",
            "researchAndDevelopment": "85000000",
            "operatingExpenses": "402000000",
            "investmentIncomeNet": "None",
            "netInterestIncome": "None",
            "interestIncome": "None",
            "interestExpense": "46000000",
            "nonInterestIncome": "607000000",
            "otherNonOperatingIncome": "1000000",
            "depreciation": "None",
            "depreciationAndAmortization": "21000000",
            "incomeBeforeTax": "807000000",
            "incomeTaxExpense": "22000000",
            "interestAndDebtExpense": "46000000",
            "netIncomeFromContinuingOperations": "38000000",
            "comprehensiveIncomeNetOfTax": "795000000",
            "ebit": "109000000",
            "ebitda": "130000000",
            "netIncome": "785000000"
        },
        {
            "fiscalDateEnding": "2019-07-05",
            "reportedCurrency": "USD",
            "grossProfit": "554000000",
            "totalRevenue": "650000000",
            "costOfRevenue": "96000000",
            "costofGoodsAndServicesSold": "272000000",
            "operatingIncome": "140000000",
            "sellingGeneralAndAdministrative": "280000000",
            "researchAndDevelopment": "101000000",
            "operatingExpenses": "414000000",
            "investmentIncomeNet": "None",
            "netInterestIncome": "None",
            "interestIncome": "None",
            "interestExpense": "49000000",
            "nonInterestIncome": "649000000",
            "otherNonOperatingIncome": "3000000",
            "depreciation": "None",
            "depreciationAndAmortization": "20000000",
            "incomeBeforeTax": "80000000",
            "incomeTaxExpense": "54000000",
            "interestAndDebtExpense": "49000000",
            "netIncomeFromContinuingOperations": "38000000",
            "comprehensiveIncomeNetOfTax": "21000000",
            "ebit": "140000000",
            "ebitda": "160000000",
            "netIncome": "26000000"
        },
        {
            "fiscalDateEnding": "2019-03-31",
            "reportedCurrency": "USD",
            "grossProfit": "493000000",
            "totalRevenue": "617000000",
            "costOfRevenue": "124000000",
            "costofGoodsAndServicesSold": "279000000",
            "operatingIncome": "72000000",
            "sellingGeneralAndAdministrative": "480000000",
            "researchAndDevelopment": "98000000",
            "operatingExpenses": "421000000",
            "investmentIncomeNet": "None",
            "netInterestIncome": "None",
            "interestIncome": "None",
            "interestExpense": "51000000",
            "nonInterestIncome": "1187000000",
            "otherNonOperatingIncome": "2000000",
            "depreciation": "None",
            "depreciationAndAmortization": "51000000",
            "incomeBeforeTax": "17000000",
            "incomeTaxExpense": "-17000000",
            "interestAndDebtExpense": "51000000",
            "netIncomeFromContinuingOperations": "37000000",
            "comprehensiveIncomeNetOfTax": "41000000",
            "ebit": "72000000",
            "ebitda": "123000000",
            "netIncome": "34000000"
        },
        {
            "fiscalDateEnding": "2018-12-31",
            "reportedCurrency": "USD",
            "grossProfit": "505000000",
            "totalRevenue": "615000000",
            "costOfRevenue": "110000000",
            "costofGoodsAndServicesSold": "266000000",
            "operatingIncome": "62000000",
            "sellingGeneralAndAdministrative": "462000000",
            "researchAndDevelopment": "110000000",
            "operatingExpenses": "443000000",
            "investmentIncomeNet": "11000000",
            "netInterestIncome": "None",
            "interestIncome": "None",
            "interestExpense": "53000000",
            "nonInterestIncome": "1207000000",
            "otherNonOperatingIncome": "-2000000",
            "depreciation": "None",
            "depreciationAndAmortization": "52000000",
            "incomeBeforeTax": "75000000",
            "incomeTaxExpense": "10000000",
            "interestAndDebtExpense": "53000000",
            "netIncomeFromContinuingOperations": "-19000000",
            "comprehensiveIncomeNetOfTax": "68000000",
            "ebit": "62000000",
            "ebitda": "114000000",
            "netIncome": "65000000"
        },
        {
            "fiscalDateEnding": "2018-09-30",
            "reportedCurrency": "USD",
            "grossProfit": "496000000",
            "totalRevenue": "612000000",
            "costOfRevenue": "116000000",
            "costofGoodsAndServicesSold": "256000000",
            "operatingIncome": "43000000",
            "sellingGeneralAndAdministrative": "479000000",
            "researchAndDevelopment": "105000000",
            "operatingExpenses": "453000000",
            "investmentIncomeNet": "11000000",
            "netInterestIncome": "None",
            "interestIncome": "None",
            "interestExpense": "52000000",
            "nonInterestIncome": "1172000000",
            "otherNonOperatingIncome": "4000000",
            "depreciation": "None",
            "depreciationAndAmortization": "51000000",
            "incomeBeforeTax": "22000000",
            "incomeTaxExpense": "30000000",
            "interestAndDebtExpense": "52000000",
            "netIncomeFromContinuingOperations": "-62000000",
            "comprehensiveIncomeNetOfTax": "-5000000",
            "ebit": "43000000",
            "ebitda": "94000000",
            "netIncome": "-8000000"
        },
        {
            "fiscalDateEnding": "2018-06-30",
            "reportedCurrency": "USD",
            "grossProfit": "907000000",
            "totalRevenue": "1156000000",
            "costOfRevenue": "249000000",
            "costofGoodsAndServicesSold": "249000000",
            "operatingIncome": "2000000",
            "sellingGeneralAndAdministrative": "519000000",
            "researchAndDevelopment": "237000000",
            "operatingExpenses": "905000000",
            "investmentIncomeNet": "7000000",
            "netInterestIncome": "-9000000",
            "interestIncome": "None",
            "interestExpense": "9000000",
            "nonInterestIncome": "1147000000",
            "otherNonOperatingIncome": "9000000",
            "depreciation": "None",
            "depreciationAndAmortization": "53000000",
            "incomeBeforeTax": "-64000000",
            "incomeTaxExpense": "-4000000",
            "interestAndDebtExpense": "52000000",
            "netIncomeFromContinuingOperations": "-65000000",
            "comprehensiveIncomeNetOfTax": "-84000000",
            "ebit": "2000000",
            "ebitda": "-2000000",
            "netIncome": "-60000000"
        },
        {
            "fiscalDateEnding": "2018-03-31",
            "reportedCurrency": "USD",
            "grossProfit": "-760000000",
            "totalRevenue": "1163000000",
            "costOfRevenue": "-305000000",
            "costofGoodsAndServicesSold": "264000000",
            "operatingIncome": "-197000000",
            "sellingGeneralAndAdministrative": "497000000",
            "researchAndDevelopment": "-244000000",
            "operatingExpenses": "-563000000",
            "investmentIncomeNet": "None",
            "netInterestIncome": "None",
            "interestIncome": "None",
            "interestExpense": "57000000",
            "nonInterestIncome": "4801000000",
            "otherNonOperatingIncome": "21000000",
            "depreciation": "None",
            "depreciationAndAmortization": "-121000000",
            "incomeBeforeTax": "-96000000",
            "incomeTaxExpense": "-37000000",
            "interestAndDebtExpense": "57000000",
            "netIncomeFromContinuingOperations": "-221000000",
            "comprehensiveIncomeNetOfTax": "-70000000",
            "ebit": "-197000000",
            "ebitda": "-318000000",
            "netIncome": "-59000000"
        }
    ]
}