{
    "symbol": "GNRC",
    "annualReports": [
        {
            "fiscalDateEnding": "2022-12-31",
            "reportedCurrency": "USD",
            "grossProfit": "1522004000",
            "totalRevenue": "4496168000",
            "costOfRevenue": "3851931000",
            "costofGoodsAndServicesSold": "3042733000",
            "operatingIncome": "566330000",
            "sellingGeneralAndAdministrative": "691121000",
            "researchAndDevelopment": "159774000",
            "operatingExpenses": "955674000",
            "investmentIncomeNet": "None",
            "netInterestIncome": "-54826000",
            "interestIncome": "None",
            "interestExpense": "54826000",
            "nonInterestIncome": "4560994000",
            "otherNonOperatingIncome": "-424000",
            "depreciation": "52821000",
            "depreciationAndAmortization": "106618000",
            "incomeBeforeTax": "499098000",
            "incomeTaxExpense": "99596000",
            "interestAndDebtExpense": "58569000",
            "netIncomeFromContinuingOperations": "408870000",
            "comprehensiveIncomeNetOfTax": "387344000",
            "ebit": "553924000",
            "ebitda": "660542000",
            "netIncome": "399502000"
        },
        {
            "fiscalDateEnding": "2021-12-31",
            "reportedCurrency": "USD",
            "grossProfit": "1360082000",
            "totalRevenue": "3703400000",
            "costOfRevenue": "2914932000",
            "costofGoodsAndServicesSold": "2377102000",
            "operatingIncome": "721136000",
            "sellingGeneralAndAdministrative": "463292000",
            "researchAndDevelopment": "104303000",
            "operatingExpenses": "638946000",
            "investmentIncomeNet": "None",
            "netInterestIncome": "-32953000",
            "interestIncome": "None",
            "interestExpense": "32953000",
            "nonInterestIncome": "3736353000",
            "otherNonOperatingIncome": "2759000",
            "depreciation": "42155000",
            "depreciationAndAmortization": "53073000",
            "incomeBeforeTax": "685451000",
            "incomeTaxExpense": "134957000",
            "interestAndDebtExpense": "33784000",
            "netIncomeFromContinuingOperations": "556569000",
            "comprehensiveIncomeNetOfTax": "530572000",
            "ebit": "718404000",
            "ebitda": "771477000",
            "netIncome": "550494000"
        },
        {
            "fiscalDateEnding": "2020-12-31",
            "reportedCurrency": "USD",
            "grossProfit": "957654000",
            "totalRevenue": "2452209000",
            "costOfRevenue": "1928430000",
            "costofGoodsAndServicesSold": "1527546000",
            "operatingIncome": "479106000",
            "sellingGeneralAndAdministrative": "366017000",
            "researchAndDevelopment": "80251000",
            "operatingExpenses": "478548000",
            "investmentIncomeNet": "None",
            "netInterestIncome": "-32991000",
            "interestIncome": "None",
            "interestExpense": "32991000",
            "nonInterestIncome": "2485200000",
            "otherNonOperatingIncome": "-2106000",
            "depreciation": "36493000",
            "depreciationAndAmortization": "34867000",
            "incomeBeforeTax": "449549000",
            "incomeTaxExpense": "98973000",
            "interestAndDebtExpense": "32991000",
            "netIncomeFromContinuingOperations": "347218000",
            "comprehensiveIncomeNetOfTax": "338245000",
            "ebit": "482540000",
            "ebitda": "517407000",
            "netIncome": "350576000"
        },
        {
            "fiscalDateEnding": "2019-12-31",
            "reportedCurrency": "USD",
            "grossProfit": "797752000",
            "totalRevenue": "2161866000",
            "costOfRevenue": "1766310000",
            "costofGoodsAndServicesSold": "1406584000",
            "operatingIncome": "372163000",
            "sellingGeneralAndAdministrative": "328551000",
            "researchAndDevelopment": "68394000",
            "operatingExpenses": "425589000",
            "investmentIncomeNet": "None",
            "netInterestIncome": "-41544000",
            "interestIncome": "38777000",
            "interestExpense": "41544000",
            "nonInterestIncome": "2203410000",
            "otherNonOperatingIncome": "-1933000",
            "depreciation": "32265000",
            "depreciationAndAmortization": "31175000",
            "incomeBeforeTax": "319306000",
            "incomeTaxExpense": "67299000",
            "interestAndDebtExpense": "42470000",
            "netIncomeFromContinuingOperations": "252308000",
            "comprehensiveIncomeNetOfTax": "251839000",
            "ebit": "360850000",
            "ebitda": "392025000",
            "netIncome": "252007000"
        },
        {
            "fiscalDateEnding": "2018-12-31",
            "reportedCurrency": "USD",
            "grossProfit": "725040000",
            "totalRevenue": "1981176000",
            "costOfRevenue": "1616264000",
            "costofGoodsAndServicesSold": "1298424000",
            "operatingIncome": "357181000",
            "sellingGeneralAndAdministrative": "295728000",
            "researchAndDevelopment": "50019000",
            "operatingExpenses": "367859000",
            "investmentIncomeNet": "None",
            "netInterestIncome": "-40956000",
            "interestIncome": "39063000",
            "interestExpense": "40956000",
            "nonInterestIncome": "2022132000",
            "otherNonOperatingIncome": "-5710000",
            "depreciation": "25296000",
            "depreciationAndAmortization": "22112000",
            "incomeBeforeTax": "308113000",
            "incomeTaxExpense": "69856000",
            "interestAndDebtExpense": "42288000",
            "netIncomeFromContinuingOperations": "241220000",
            "comprehensiveIncomeNetOfTax": "236958000",
            "ebit": "349069000",
            "ebitda": "371181000",
            "netIncome": "238257000"
        }
    ],
    "quarterlyReports": [
        {
            "fiscalDateEnding": "2022-12-31",
            "reportedCurrency": "USD",
            "grossProfit": "343167000",
            "totalRevenue": "1049232000",
            "costOfRevenue": "916856000",
            "costofGoodsAndServicesSold": "706065000",
            "operatingIncome": "107228000",
            "sellingGeneralAndAdministrative": "170395000",
            "researchAndDevelopment": "38446000",
            "operatingExpenses": "235939000",
            "investmentIncomeNet": "None",
            "netInterestIncome": "-19523000",
            "interestIncome": "None",
            "interestExpense": "19523000",
            "nonInterestIncome": "1049232000",
            "otherNonOperatingIncome": "-755000",
            "depreciation": "13778000",
            "depreciationAndAmortization": "28937000",
            "incomeBeforeTax": "84583000",
            "incomeTaxExpense": "13568000",
            "interestAndDebtExpense": "19523000",
            "netIncomeFromContinuingOperations": "107228000",
            "comprehensiveIncomeNetOfTax": "122432000",
            "ebit": "104106000",
            "ebitda": "133043000",
            "netIncome": "71015000"
        },
        {
            "fiscalDateEnding": "2022-09-30",
            "reportedCurrency": "USD",
            "grossProfit": "361104000",
            "totalRevenue": "1072744000",
            "costOfRevenue": "960750000",
            "costofGoodsAndServicesSold": "727154000",
            "operatingIncome": "87523000",
            "sellingGeneralAndAdministrative": "207845000",
            "researchAndDevelopment": "39985000",
            "operatingExpenses": "273581000",
            "investmentIncomeNet": "None",
            "netInterestIncome": "-15514000",
            "interestIncome": "None",
            "interestExpense": "15514000",
            "nonInterestIncome": "1088258000",
            "otherNonOperatingIncome": "-420000",
            "depreciation": "13414000",
            "depreciationAndAmortization": "25751000",
            "incomeBeforeTax": "69864000",
            "incomeTaxExpense": "11594000",
            "interestAndDebtExpense": "15514000",
            "netIncomeFromContinuingOperations": "60446000",
            "comprehensiveIncomeNetOfTax": "21683000",
            "ebit": "85378000",
            "ebitda": "111129000",
            "netIncome": "58270000"
        },
        {
            "fiscalDateEnding": "2022-06-30",
            "reportedCurrency": "USD",
            "grossProfit": "456985000",
            "totalRevenue": "1277413000",
            "costOfRevenue": "1032948000",
            "costofGoodsAndServicesSold": "834406000",
            "operatingIncome": "216844000",
            "sellingGeneralAndAdministrative": "172666000",
            "researchAndDevelopment": "41599000",
            "operatingExpenses": "240141000",
            "investmentIncomeNet": "None",
            "netInterestIncome": "-10235000",
            "interestIncome": "None",
            "interestExpense": "10235000",
            "nonInterestIncome": "1287648000",
            "otherNonOperatingIncome": "505000",
            "depreciation": "13222000",
            "depreciationAndAmortization": "25876000",
            "incomeBeforeTax": "202185000",
            "incomeTaxExpense": "45826000",
            "interestAndDebtExpense": "13978000",
            "netIncomeFromContinuingOperations": "157637000",
            "comprehensiveIncomeNetOfTax": "120864000",
            "ebit": "212420000",
            "ebitda": "238296000",
            "netIncome": "156359000"
        },
        {
            "fiscalDateEnding": "2022-03-31",
            "reportedCurrency": "USD",
            "grossProfit": "360748000",
            "totalRevenue": "1126302000",
            "costOfRevenue": "941377000",
            "costofGoodsAndServicesSold": "775108000",
            "operatingIncome": "154735000",
            "sellingGeneralAndAdministrative": "140215000",
            "researchAndDevelopment": "39744000",
            "operatingExpenses": "206013000",
            "investmentIncomeNet": "None",
            "netInterestIncome": "-9554000",
            "interestIncome": "None",
            "interestExpense": "9554000",
            "nonInterestIncome": "1135856000",
            "otherNonOperatingIncome": "246000",
            "depreciation": "12407000",
            "depreciationAndAmortization": "26054000",
            "incomeBeforeTax": "142466000",
            "incomeTaxExpense": "28608000",
            "interestAndDebtExpense": "9554000",
            "netIncomeFromContinuingOperations": "116896000",
            "comprehensiveIncomeNetOfTax": "122365000",
            "ebit": "152020000",
            "ebitda": "178074000",
            "netIncome": "113858000"
        },
        {
            "fiscalDateEnding": "2021-12-31",
            "reportedCurrency": "USD",
            "grossProfit": "362539000",
            "totalRevenue": "1067071000",
            "costOfRevenue": "865371000",
            "costofGoodsAndServicesSold": "704532000",
            "operatingIncome": "175481000",
            "sellingGeneralAndAdministrative": "118538000",
            "researchAndDevelopment": "29406000",
            "operatingExpenses": "187058000",
            "investmentIncomeNet": "None",
            "netInterestIncome": "-9529000",
            "interestIncome": "None",
            "interestExpense": "9529000",
            "nonInterestIncome": "1067071000",
            "otherNonOperatingIncome": "223000",
            "depreciation": "11710000",
            "depreciationAndAmortization": "20836000",
            "incomeBeforeTax": "163511000",
            "incomeTaxExpense": "20616000",
            "interestAndDebtExpense": "9529000",
            "netIncomeFromContinuingOperations": "175481000",
            "comprehensiveIncomeNetOfTax": "143783000",
            "ebit": "173040000",
            "ebitda": "193876000",
            "netIncome": "142895000"
        },
        {
            "fiscalDateEnding": "2021-09-30",
            "reportedCurrency": "USD",
            "grossProfit": "335994000",
            "totalRevenue": "934718000",
            "costOfRevenue": "741954000",
            "costofGoodsAndServicesSold": "606704000",
            "operatingIncome": "173579000",
            "sellingGeneralAndAdministrative": "123044000",
            "researchAndDevelopment": "27165000",
            "operatingExpenses": "162415000",
            "investmentIncomeNet": "None",
            "netInterestIncome": "-7980000",
            "interestIncome": "None",
            "interestExpense": "7980000",
            "nonInterestIncome": "942698000",
            "otherNonOperatingIncome": "-400000",
            "depreciation": "11010000",
            "depreciationAndAmortization": "12206000",
            "incomeBeforeTax": "164181000",
            "incomeTaxExpense": "32611000",
            "interestAndDebtExpense": "7980000",
            "netIncomeFromContinuingOperations": "132753000",
            "comprehensiveIncomeNetOfTax": "113727000",
            "ebit": "172161000",
            "ebitda": "184367000",
            "netIncome": "131570000"
        },
        {
            "fiscalDateEnding": "2021-06-30",
            "reportedCurrency": "USD",
            "grossProfit": "339735000",
            "totalRevenue": "911429000",
            "costOfRevenue": "711685000",
            "costofGoodsAndServicesSold": "580246000",
            "operatingIncome": "182952000",
            "sellingGeneralAndAdministrative": "120387000",
            "researchAndDevelopment": "25344000",
            "operatingExpenses": "156783000",
            "investmentIncomeNet": "None",
            "netInterestIncome": "-7721000",
            "interestIncome": "None",
            "interestExpense": "7721000",
            "nonInterestIncome": "919150000",
            "otherNonOperatingIncome": "-373000",
            "depreciation": "10177000",
            "depreciationAndAmortization": "11052000",
            "incomeBeforeTax": "173398000",
            "incomeTaxExpense": "46362000",
            "interestAndDebtExpense": "8552000",
            "netIncomeFromContinuingOperations": "127909000",
            "comprehensiveIncomeNetOfTax": "119246000",
            "ebit": "181119000",
            "ebitda": "192171000",
            "netIncome": "127036000"
        },
        {
            "fiscalDateEnding": "2021-03-31",
            "reportedCurrency": "USD",
            "grossProfit": "321814000",
            "totalRevenue": "799711000",
            "costOfRevenue": "595922000",
            "costofGoodsAndServicesSold": "485620000",
            "operatingIncome": "189124000",
            "sellingGeneralAndAdministrative": "101323000",
            "researchAndDevelopment": "22388000",
            "operatingExpenses": "132690000",
            "investmentIncomeNet": "None",
            "netInterestIncome": "-7723000",
            "interestIncome": "None",
            "interestExpense": "7723000",
            "nonInterestIncome": "807434000",
            "otherNonOperatingIncome": "3309000",
            "depreciation": "9258000",
            "depreciationAndAmortization": "8979000",
            "incomeBeforeTax": "184361000",
            "incomeTaxExpense": "35368000",
            "interestAndDebtExpense": "7723000",
            "netIncomeFromContinuingOperations": "149945000",
            "comprehensiveIncomeNetOfTax": "153816000",
            "ebit": "192084000",
            "ebitda": "201063000",
            "netIncome": "148993000"
        },
        {
            "fiscalDateEnding": "2020-12-31",
            "reportedCurrency": "USD",
            "grossProfit": "300202000",
            "totalRevenue": "761082000",
            "costOfRevenue": "571126000",
            "costofGoodsAndServicesSold": "460880000",
            "operatingIncome": "171054000",
            "sellingGeneralAndAdministrative": "98719000",
            "researchAndDevelopment": "21489000",
            "operatingExpenses": "129148000",
            "investmentIncomeNet": "None",
            "netInterestIncome": "-7910000",
            "interestIncome": "None",
            "interestExpense": "7910000",
            "nonInterestIncome": "761082000",
            "otherNonOperatingIncome": "581000",
            "depreciation": "9746000",
            "depreciationAndAmortization": "11527000",
            "incomeBeforeTax": "164007000",
            "incomeTaxExpense": "39006000",
            "interestAndDebtExpense": "7910000",
            "netIncomeFromContinuingOperations": "171054000",
            "comprehensiveIncomeNetOfTax": "150697000",
            "ebit": "171917000",
            "ebitda": "183444000",
            "netIncome": "125001000"
        },
        {
            "fiscalDateEnding": "2020-09-30",
            "reportedCurrency": "USD",
            "grossProfit": "276149000",
            "totalRevenue": "693259000",
            "costOfRevenue": "525060000",
            "costofGoodsAndServicesSold": "425206000",
            "operatingIncome": "155637000",
            "sellingGeneralAndAdministrative": "91962000",
            "researchAndDevelopment": "20658000",
            "operatingExpenses": "120512000",
            "investmentIncomeNet": "None",
            "netInterestIncome": "-8096000",
            "interestIncome": "None",
            "interestExpense": "8096000",
            "nonInterestIncome": "701355000",
            "otherNonOperatingIncome": "-557000",
            "depreciation": "9276000",
            "depreciationAndAmortization": "7892000",
            "incomeBeforeTax": "147020000",
            "incomeTaxExpense": "32050000",
            "interestAndDebtExpense": "8096000",
            "netIncomeFromContinuingOperations": "115235000",
            "comprehensiveIncomeNetOfTax": "123887000",
            "ebit": "155116000",
            "ebitda": "163008000",
            "netIncome": "114970000"
        },
        {
            "fiscalDateEnding": "2020-06-30",
            "reportedCurrency": "USD",
            "grossProfit": "208983000",
            "totalRevenue": "538916000",
            "costOfRevenue": "437840000",
            "costofGoodsAndServicesSold": "337865000",
            "operatingIncome": "89553000",
            "sellingGeneralAndAdministrative": "92308000",
            "researchAndDevelopment": "19455000",
            "operatingExpenses": "119430000",
            "investmentIncomeNet": "None",
            "netInterestIncome": "-7932000",
            "interestIncome": "None",
            "interestExpense": "7932000",
            "nonInterestIncome": "546848000",
            "otherNonOperatingIncome": "-216000",
            "depreciation": "9136000",
            "depreciationAndAmortization": "7667000",
            "incomeBeforeTax": "84618000",
            "incomeTaxExpense": "18473000",
            "interestAndDebtExpense": "7932000",
            "netIncomeFromContinuingOperations": "63592000",
            "comprehensiveIncomeNetOfTax": "66758000",
            "ebit": "92550000",
            "ebitda": "100217000",
            "netIncome": "66145000"
        },
        {
            "fiscalDateEnding": "2020-03-31",
            "reportedCurrency": "USD",
            "grossProfit": "172320000",
            "totalRevenue": "466862000",
            "costOfRevenue": "394404000",
            "costofGoodsAndServicesSold": "303595000",
            "operatingIncome": "62862000",
            "sellingGeneralAndAdministrative": "83028000",
            "researchAndDevelopment": "18649000",
            "operatingExpenses": "109458000",
            "investmentIncomeNet": "None",
            "netInterestIncome": "-9053000",
            "interestIncome": "8093000",
            "interestExpense": "9053000",
            "nonInterestIncome": "475915000",
            "otherNonOperatingIncome": "-1914000",
            "depreciation": "8335000",
            "depreciationAndAmortization": "7781000",
            "incomeBeforeTax": "53904000",
            "incomeTaxExpense": "9444000",
            "interestAndDebtExpense": "9053000",
            "netIncomeFromContinuingOperations": "43411000",
            "comprehensiveIncomeNetOfTax": "-3098000",
            "ebit": "62957000",
            "ebitda": "70738000",
            "netIncome": "44460000"
        },
        {
            "fiscalDateEnding": "2019-12-31",
            "reportedCurrency": "USD",
            "grossProfit": "222222000",
            "totalRevenue": "590932000",
            "costOfRevenue": "467594000",
            "costofGoodsAndServicesSold": "368710000",
            "operatingIncome": "104508000",
            "sellingGeneralAndAdministrative": "89581000",
            "researchAndDevelopment": "19488000",
            "operatingExpenses": "117714000",
            "investmentIncomeNet": "None",
            "netInterestIncome": "-10116000",
            "interestIncome": "9238000",
            "interestExpense": "10116000",
            "nonInterestIncome": "590932000",
            "otherNonOperatingIncome": "-65000",
            "depreciation": "9423000",
            "depreciationAndAmortization": "9303000",
            "incomeBeforeTax": "83037000",
            "incomeTaxExpense": "13423000",
            "interestAndDebtExpense": "11042000",
            "netIncomeFromContinuingOperations": "104508000",
            "comprehensiveIncomeNetOfTax": "90011000",
            "ebit": "93153000",
            "ebitda": "102456000",
            "netIncome": "69614000"
        },
        {
            "fiscalDateEnding": "2019-09-30",
            "reportedCurrency": "USD",
            "grossProfit": "217517000",
            "totalRevenue": "590431000",
            "costOfRevenue": "478619000",
            "costofGoodsAndServicesSold": "383618000",
            "operatingIncome": "105556000",
            "sellingGeneralAndAdministrative": "86952000",
            "researchAndDevelopment": "17603000",
            "operatingExpenses": "111961000",
            "investmentIncomeNet": "None",
            "netInterestIncome": "-10704000",
            "interestIncome": "10181000",
            "interestExpense": "10704000",
            "nonInterestIncome": "601135000",
            "otherNonOperatingIncome": "-414000",
            "depreciation": "8088000",
            "depreciationAndAmortization": "8049000",
            "incomeBeforeTax": "95638000",
            "incomeTaxExpense": "20064000",
            "interestAndDebtExpense": "10704000",
            "netIncomeFromContinuingOperations": "74897000",
            "comprehensiveIncomeNetOfTax": "64904000",
            "ebit": "106342000",
            "ebitda": "114391000",
            "netIncome": "75574000"
        },
        {
            "fiscalDateEnding": "2019-06-30",
            "reportedCurrency": "USD",
            "grossProfit": "195838000",
            "totalRevenue": "531464000",
            "costOfRevenue": "434000000",
            "costofGoodsAndServicesSold": "346078000",
            "operatingIncome": "90926000",
            "sellingGeneralAndAdministrative": "79967000",
            "researchAndDevelopment": "17694000",
            "operatingExpenses": "104912000",
            "investmentIncomeNet": "None",
            "netInterestIncome": "-10452000",
            "interestIncome": "10000000",
            "interestExpense": "10452000",
            "nonInterestIncome": "541916000",
            "otherNonOperatingIncome": "-393000",
            "depreciation": "7489000",
            "depreciationAndAmortization": "7955000",
            "incomeBeforeTax": "80785000",
            "incomeTaxExpense": "18827000",
            "interestAndDebtExpense": "10452000",
            "netIncomeFromContinuingOperations": "61706000",
            "comprehensiveIncomeNetOfTax": "57398000",
            "ebit": "91237000",
            "ebitda": "99192000",
            "netIncome": "61958000"
        },
        {
            "fiscalDateEnding": "2019-03-31",
            "reportedCurrency": "USD",
            "grossProfit": "162175000",
            "totalRevenue": "460081000",
            "costOfRevenue": "385989000",
            "costofGoodsAndServicesSold": "308178000",
            "operatingIncome": "71173000",
            "sellingGeneralAndAdministrative": "72051000",
            "researchAndDevelopment": "13609000",
            "operatingExpenses": "91002000",
            "investmentIncomeNet": "None",
            "netInterestIncome": "-10272000",
            "interestIncome": "9358000",
            "interestExpense": "10272000",
            "nonInterestIncome": "470353000",
            "otherNonOperatingIncome": "-1061000",
            "depreciation": "7265000",
            "depreciationAndAmortization": "5760000",
            "incomeBeforeTax": "59846000",
            "incomeTaxExpense": "14985000",
            "interestAndDebtExpense": "10272000",
            "netIncomeFromContinuingOperations": "45769000",
            "comprehensiveIncomeNetOfTax": "39527000",
            "ebit": "70118000",
            "ebitda": "75878000",
            "netIncome": "44861000"
        },
        {
            "fiscalDateEnding": "2018-12-31",
            "reportedCurrency": "USD",
            "grossProfit": "204306000",
            "totalRevenue": "563404000",
            "costOfRevenue": "450621000",
            "costofGoodsAndServicesSold": "359098000",
            "operatingIncome": "108848000",
            "sellingGeneralAndAdministrative": "84845000",
            "researchAndDevelopment": "11897000",
            "operatingExpenses": "95458000",
            "investmentIncomeNet": "None",
            "netInterestIncome": "-10017000",
            "interestIncome": "None",
            "interestExpense": "10017000",
            "nonInterestIncome": "563404000",
            "otherNonOperatingIncome": "-2946000",
            "depreciation": "6964000",
            "depreciationAndAmortization": "5320000",
            "incomeBeforeTax": "95561000",
            "incomeTaxExpense": "19986000",
            "interestAndDebtExpense": "10017000",
            "netIncomeFromContinuingOperations": "108848000",
            "comprehensiveIncomeNetOfTax": "63603000",
            "ebit": "105578000",
            "ebitda": "110898000",
            "netIncome": "75575000"
        },
        {
            "fiscalDateEnding": "2018-09-30",
            "reportedCurrency": "USD",
            "grossProfit": "200334000",
            "totalRevenue": "549691000",
            "costOfRevenue": "439343000",
            "costofGoodsAndServicesSold": "362054000",
            "operatingIncome": "106519000",
            "sellingGeneralAndAdministrative": "72035000",
            "researchAndDevelopment": "13653000",
            "operatingExpenses": "93815000",
            "investmentIncomeNet": "None",
            "netInterestIncome": "-9824000",
            "interestIncome": "None",
            "interestExpense": "9824000",
            "nonInterestIncome": "559515000",
            "otherNonOperatingIncome": "-483000",
            "depreciation": "6163000",
            "depreciationAndAmortization": "5678000",
            "incomeBeforeTax": "95848000",
            "incomeTaxExpense": "20072000",
            "interestAndDebtExpense": "9824000",
            "netIncomeFromContinuingOperations": "76522000",
            "comprehensiveIncomeNetOfTax": "80768000",
            "ebit": "105672000",
            "ebitda": "111350000",
            "netIncome": "75776000"
        },
        {
            "fiscalDateEnding": "2018-06-30",
            "reportedCurrency": "USD",
            "grossProfit": "178473000",
            "totalRevenue": "482615000",
            "costOfRevenue": "396892000",
            "costofGoodsAndServicesSold": "319108000",
            "operatingIncome": "85467000",
            "sellingGeneralAndAdministrative": "72691000",
            "researchAndDevelopment": "12616000",
            "operatingExpenses": "93006000",
            "investmentIncomeNet": "None",
            "netInterestIncome": "-11002000",
            "interestIncome": "None",
            "interestExpense": "11002000",
            "nonInterestIncome": "493617000",
            "otherNonOperatingIncome": "-887000",
            "depreciation": "6118000",
            "depreciationAndAmortization": "5482000",
            "incomeBeforeTax": "71643000",
            "incomeTaxExpense": "18382000",
            "interestAndDebtExpense": "12334000",
            "netIncomeFromContinuingOperations": "54231000",
            "comprehensiveIncomeNetOfTax": "47884000",
            "ebit": "82645000",
            "ebitda": "88127000",
            "netIncome": "53261000"
        },
        {
            "fiscalDateEnding": "2018-03-31",
            "reportedCurrency": "USD",
            "grossProfit": "141927000",
            "totalRevenue": "387521000",
            "costOfRevenue": "329445000",
            "costofGoodsAndServicesSold": "258164000",
            "operatingIncome": "56347000",
            "sellingGeneralAndAdministrative": "66157000",
            "researchAndDevelopment": "11853000",
            "operatingExpenses": "85580000",
            "investmentIncomeNet": "None",
            "netInterestIncome": "-10113000",
            "interestIncome": "None",
            "interestExpense": "10113000",
            "nonInterestIncome": "397634000",
            "otherNonOperatingIncome": "-1394000",
            "depreciation": "6051000",
            "depreciationAndAmortization": "5632000",
            "incomeBeforeTax": "45061000",
            "incomeTaxExpense": "11416000",
            "interestAndDebtExpense": "10113000",
            "netIncomeFromContinuingOperations": "33770000",
            "comprehensiveIncomeNetOfTax": "44703000",
            "ebit": "55174000",
            "ebitda": "60806000",
            "netIncome": "33645000"
        }
    ]
}