{
    "symbol": "GPC",
    "annualReports": [
        {
            "fiscalDateEnding": "2022-12-31",
            "reportedCurrency": "USD",
            "grossProfit": "7740104000",
            "totalRevenue": "22227692000",
            "costOfRevenue": "20560045000",
            "costofGoodsAndServicesSold": "14355869000",
            "operatingIncome": "1614199000",
            "sellingGeneralAndAdministrative": "5758295000",
            "researchAndDevelopment": "None",
            "operatingExpenses": "6125905000",
            "investmentIncomeNet": "5000000",
            "netInterestIncome": "-73887000",
            "interestIncome": "73887000",
            "interestExpense": "73887000",
            "nonInterestIncome": "22095973000",
            "otherNonOperatingIncome": "32290000",
            "depreciation": "None",
            "depreciationAndAmortization": "347819000",
            "incomeBeforeTax": "1572602000",
            "incomeTaxExpense": "389901000",
            "interestAndDebtExpense": "73887000",
            "netIncomeFromContinuingOperations": "1182701000",
            "comprehensiveIncomeNetOfTax": "1007898000",
            "ebit": "1646489000",
            "ebitda": "1994308000",
            "netIncome": "1182701000"
        },
        {
            "fiscalDateEnding": "2021-12-31",
            "reportedCurrency": "USD",
            "grossProfit": "6634136000",
            "totalRevenue": "18747297000",
            "costOfRevenue": "17693506000",
            "costofGoodsAndServicesSold": "12236374000",
            "operatingIncome": "1162920000",
            "sellingGeneralAndAdministrative": "5162506000",
            "researchAndDevelopment": "None",
            "operatingExpenses": "5471216000",
            "investmentIncomeNet": "4895000",
            "netInterestIncome": "-62150000",
            "interestIncome": "62150000",
            "interestExpense": "62150000",
            "nonInterestIncome": "18809447000",
            "otherNonOperatingIncome": "99576000",
            "depreciation": "None",
            "depreciationAndAmortization": "290971000",
            "incomeBeforeTax": "1200346000",
            "incomeTaxExpense": "301556000",
            "interestAndDebtExpense": "62150000",
            "netIncomeFromContinuingOperations": "898790000",
            "comprehensiveIncomeNetOfTax": "1077553000",
            "ebit": "1262496000",
            "ebitda": "1553467000",
            "netIncome": "898790000"
        },
        {
            "fiscalDateEnding": "2020-12-31",
            "reportedCurrency": "USD",
            "grossProfit": "5654841000",
            "totalRevenue": "16432364000",
            "costOfRevenue": "16138730000",
            "costofGoodsAndServicesSold": "10882592000",
            "operatingIncome": "414943000",
            "sellingGeneralAndAdministrative": "4386739000",
            "researchAndDevelopment": "None",
            "operatingExpenses": "5239898000",
            "investmentIncomeNet": "6378000",
            "netInterestIncome": "-93713000",
            "interestIncome": "-2665000",
            "interestExpense": "91048000",
            "nonInterestIncome": "16526077000",
            "otherNonOperatingIncome": "55473000",
            "depreciation": "None",
            "depreciationAndAmortization": "272842000",
            "incomeBeforeTax": "186871000",
            "incomeTaxExpense": "215973000",
            "interestAndDebtExpense": "93713000",
            "netIncomeFromContinuingOperations": "163395000",
            "comprehensiveIncomeNetOfTax": "75704000",
            "ebit": "277919000",
            "ebitda": "550761000",
            "netIncome": "-29102000"
        },
        {
            "fiscalDateEnding": "2019-12-31",
            "reportedCurrency": "USD",
            "grossProfit": "5859683000",
            "totalRevenue": "19255095000",
            "costOfRevenue": "18476837000",
            "costofGoodsAndServicesSold": "11662551000",
            "operatingIncome": "902757000",
            "sellingGeneralAndAdministrative": "4577610000",
            "researchAndDevelopment": "None",
            "operatingExpenses": "4948772000",
            "investmentIncomeNet": "6156000",
            "netInterestIncome": "-95711000",
            "interestIncome": "-4306000",
            "interestExpense": "91405000",
            "nonInterestIncome": "19350806000",
            "otherNonOperatingIncome": "82534000",
            "depreciation": "None",
            "depreciationAndAmortization": "257263000",
            "incomeBeforeTax": "833893000",
            "incomeTaxExpense": "212808000",
            "interestAndDebtExpense": "95711000",
            "netIncomeFromContinuingOperations": "646475000",
            "comprehensiveIncomeNetOfTax": "717381000",
            "ebit": "925298000",
            "ebitda": "1182561000",
            "netIncome": "621085000"
        },
        {
            "fiscalDateEnding": "2018-12-31",
            "reportedCurrency": "USD",
            "grossProfit": "5519755000",
            "totalRevenue": "18631569000",
            "costOfRevenue": "17608211000",
            "costofGoodsAndServicesSold": "11311850000",
            "operatingIncome": "1430505000",
            "sellingGeneralAndAdministrative": "4241203000",
            "researchAndDevelopment": "None",
            "operatingExpenses": "4484716000",
            "investmentIncomeNet": "5813000",
            "netInterestIncome": "-101925000",
            "interestIncome": "-129000",
            "interestExpense": "101796000",
            "nonInterestIncome": "18733494000",
            "otherNonOperatingIncome": "61395000",
            "depreciation": "None",
            "depreciationAndAmortization": "227584000",
            "incomeBeforeTax": "1055578000",
            "incomeTaxExpense": "245104000",
            "interestAndDebtExpense": "101925000",
            "netIncomeFromContinuingOperations": "749534000",
            "comprehensiveIncomeNetOfTax": "547988000",
            "ebit": "1157374000",
            "ebitda": "1384958000",
            "netIncome": "810474000"
        }
    ],
    "quarterlyReports": [
        {
            "fiscalDateEnding": "2022-12-31",
            "reportedCurrency": "USD",
            "grossProfit": "1973691000",
            "totalRevenue": "5610884000",
            "costOfRevenue": "5250440000",
            "costofGoodsAndServicesSold": "3549959000",
            "operatingIncome": "347559000",
            "sellingGeneralAndAdministrative": "1531883000",
            "researchAndDevelopment": "None",
            "operatingExpenses": "1626132000",
            "investmentIncomeNet": "None",
            "netInterestIncome": "-15569000",
            "interestIncome": "15569000",
            "interestExpense": "15569000",
            "nonInterestIncome": "5523650000",
            "otherNonOperatingIncome": "5393000",
            "depreciation": "None",
            "depreciationAndAmortization": "87997000",
            "incomeBeforeTax": "337383000",
            "incomeTaxExpense": "85407000",
            "interestAndDebtExpense": "15569000",
            "netIncomeFromContinuingOperations": "251976000",
            "comprehensiveIncomeNetOfTax": "293750000",
            "ebit": "352952000",
            "ebitda": "440949000",
            "netIncome": "251976000"
        },
        {
            "fiscalDateEnding": "2022-09-30",
            "reportedCurrency": "USD",
            "grossProfit": "1979667000",
            "totalRevenue": "5657054000",
            "costOfRevenue": "5240588000",
            "costofGoodsAndServicesSold": "3695607000",
            "operatingIncome": "428540000",
            "sellingGeneralAndAdministrative": "1458418000",
            "researchAndDevelopment": "None",
            "operatingExpenses": "1551127000",
            "investmentIncomeNet": "None",
            "netInterestIncome": "-18220000",
            "interestIncome": "18220000",
            "interestExpense": "18220000",
            "nonInterestIncome": "5675274000",
            "otherNonOperatingIncome": "7616000",
            "depreciation": "None",
            "depreciationAndAmortization": "86563000",
            "incomeBeforeTax": "417936000",
            "incomeTaxExpense": "105578000",
            "interestAndDebtExpense": "18220000",
            "netIncomeFromContinuingOperations": "312358000",
            "comprehensiveIncomeNetOfTax": "191270000",
            "ebit": "436156000",
            "ebitda": "522719000",
            "netIncome": "312358000"
        },
        {
            "fiscalDateEnding": "2022-06-30",
            "reportedCurrency": "USD",
            "grossProfit": "1960799000",
            "totalRevenue": "5684969000",
            "costOfRevenue": "5091520000",
            "costofGoodsAndServicesSold": "3641615000",
            "operatingIncome": "507995000",
            "sellingGeneralAndAdministrative": "1364015000",
            "researchAndDevelopment": "None",
            "operatingExpenses": "1452804000",
            "investmentIncomeNet": "None",
            "netInterestIncome": "-20248000",
            "interestIncome": "20248000",
            "interestExpense": "20248000",
            "nonInterestIncome": "5602414000",
            "otherNonOperatingIncome": "3820000",
            "depreciation": "None",
            "depreciationAndAmortization": "85890000",
            "incomeBeforeTax": "491567000",
            "incomeTaxExpense": "119038000",
            "interestAndDebtExpense": "20248000",
            "netIncomeFromContinuingOperations": "372529000",
            "comprehensiveIncomeNetOfTax": "224178000",
            "ebit": "511815000",
            "ebitda": "597705000",
            "netIncome": "372529000"
        },
        {
            "fiscalDateEnding": "2022-03-31",
            "reportedCurrency": "USD",
            "grossProfit": "1825947000",
            "totalRevenue": "5274785000",
            "costOfRevenue": "4960036000",
            "costofGoodsAndServicesSold": "3468688000",
            "operatingIncome": "330105000",
            "sellingGeneralAndAdministrative": "1403979000",
            "researchAndDevelopment": "None",
            "operatingExpenses": "1495842000",
            "investmentIncomeNet": "None",
            "netInterestIncome": "-19850000",
            "interestIncome": "19850000",
            "interestExpense": "19850000",
            "nonInterestIncome": "5294635000",
            "otherNonOperatingIncome": "15461000",
            "depreciation": "None",
            "depreciationAndAmortization": "87369000",
            "incomeBeforeTax": "325716000",
            "incomeTaxExpense": "79878000",
            "interestAndDebtExpense": "19850000",
            "netIncomeFromContinuingOperations": "245838000",
            "comprehensiveIncomeNetOfTax": "298700000",
            "ebit": "345566000",
            "ebitda": "432935000",
            "netIncome": "245838000"
        },
        {
            "fiscalDateEnding": "2021-12-31",
            "reportedCurrency": "USD",
            "grossProfit": "1693449000",
            "totalRevenue": "4803209000",
            "costOfRevenue": "4465274000",
            "costofGoodsAndServicesSold": "3109760000",
            "operatingIncome": "1693449000",
            "sellingGeneralAndAdministrative": "1279265000",
            "researchAndDevelopment": "None",
            "operatingExpenses": "1355368000",
            "investmentIncomeNet": "None",
            "netInterestIncome": "-12023000",
            "interestIncome": "2274000",
            "interestExpense": "14297000",
            "nonInterestIncome": "4803209000",
            "otherNonOperatingIncome": "22122000",
            "depreciation": "None",
            "depreciationAndAmortization": "72594000",
            "incomeBeforeTax": "345906000",
            "incomeTaxExpense": "89907000",
            "interestAndDebtExpense": "12023000",
            "netIncomeFromContinuingOperations": "255999000",
            "comprehensiveIncomeNetOfTax": "1693449000",
            "ebit": "360203000",
            "ebitda": "432797000",
            "netIncome": "255999000"
        },
        {
            "fiscalDateEnding": "2021-09-30",
            "reportedCurrency": "USD",
            "grossProfit": "1710767000",
            "totalRevenue": "4803891000",
            "costOfRevenue": "4518971000",
            "costofGoodsAndServicesSold": "3108082000",
            "operatingIncome": "295594000",
            "sellingGeneralAndAdministrative": "1338768000",
            "researchAndDevelopment": "None",
            "operatingExpenses": "1415173000",
            "investmentIncomeNet": "None",
            "netInterestIncome": "-14958000",
            "interestIncome": "-791000",
            "interestExpense": "14167000",
            "nonInterestIncome": "4818849000",
            "otherNonOperatingIncome": "17547000",
            "depreciation": "None",
            "depreciationAndAmortization": "72121000",
            "incomeBeforeTax": "298974000",
            "incomeTaxExpense": "70389000",
            "interestAndDebtExpense": "14958000",
            "netIncomeFromContinuingOperations": "228585000",
            "comprehensiveIncomeNetOfTax": "159053000",
            "ebit": "313141000",
            "ebitda": "385262000",
            "netIncome": "228585000"
        },
        {
            "fiscalDateEnding": "2021-06-30",
            "reportedCurrency": "USD",
            "grossProfit": "1689105000",
            "totalRevenue": "4767631000",
            "costOfRevenue": "4517902000",
            "costofGoodsAndServicesSold": "3094633000",
            "operatingIncome": "260799000",
            "sellingGeneralAndAdministrative": "1349309000",
            "researchAndDevelopment": "None",
            "operatingExpenses": "1428306000",
            "investmentIncomeNet": "None",
            "netInterestIncome": "-16107000",
            "interestIncome": "-745000",
            "interestExpense": "15362000",
            "nonInterestIncome": "4783738000",
            "otherNonOperatingIncome": "24170000",
            "depreciation": "None",
            "depreciationAndAmortization": "73960000",
            "incomeBeforeTax": "269607000",
            "incomeTaxExpense": "73111000",
            "interestAndDebtExpense": "16107000",
            "netIncomeFromContinuingOperations": "196496000",
            "comprehensiveIncomeNetOfTax": "216702000",
            "ebit": "284969000",
            "ebitda": "358929000",
            "netIncome": "196496000"
        },
        {
            "fiscalDateEnding": "2021-03-31",
            "reportedCurrency": "USD",
            "grossProfit": "1540815000",
            "totalRevenue": "4445652000",
            "costOfRevenue": "4191359000",
            "costofGoodsAndServicesSold": "2923899000",
            "operatingIncome": "268446000",
            "sellingGeneralAndAdministrative": "1195164000",
            "researchAndDevelopment": "None",
            "operatingExpenses": "1272369000",
            "investmentIncomeNet": "None",
            "netInterestIncome": "-19062000",
            "interestIncome": "-738000",
            "interestExpense": "18324000",
            "nonInterestIncome": "4464714000",
            "otherNonOperatingIncome": "35737000",
            "depreciation": "None",
            "depreciationAndAmortization": "72296000",
            "incomeBeforeTax": "285859000",
            "incomeTaxExpense": "68149000",
            "interestAndDebtExpense": "19062000",
            "netIncomeFromContinuingOperations": "217710000",
            "comprehensiveIncomeNetOfTax": "230452000",
            "ebit": "304183000",
            "ebitda": "376479000",
            "netIncome": "217710000"
        },
        {
            "fiscalDateEnding": "2020-12-31",
            "reportedCurrency": "USD",
            "grossProfit": "1448110000",
            "totalRevenue": "4251594000",
            "costOfRevenue": "4056366000",
            "costofGoodsAndServicesSold": "2803484000",
            "operatingIncome": "1448110000",
            "sellingGeneralAndAdministrative": "1132297000",
            "researchAndDevelopment": "None",
            "operatingExpenses": "1213190000",
            "investmentIncomeNet": "None",
            "netInterestIncome": "-21495000",
            "interestIncome": "-2665000",
            "interestExpense": "18830000",
            "nonInterestIncome": "4251594000",
            "otherNonOperatingIncome": "9456000",
            "depreciation": "None",
            "depreciationAndAmortization": "69758000",
            "incomeBeforeTax": "225118000",
            "incomeTaxExpense": "53914000",
            "interestAndDebtExpense": "21495000",
            "netIncomeFromContinuingOperations": "171632000",
            "comprehensiveIncomeNetOfTax": "1448110000",
            "ebit": "243948000",
            "ebitda": "313706000",
            "netIncome": "171204000"
        },
        {
            "fiscalDateEnding": "2020-09-30",
            "reportedCurrency": "USD",
            "grossProfit": "1528066000",
            "totalRevenue": "4344298000",
            "costOfRevenue": "4062241000",
            "costofGoodsAndServicesSold": "2842020000",
            "operatingIncome": "302212000",
            "sellingGeneralAndAdministrative": "1140156000",
            "researchAndDevelopment": "None",
            "operatingExpenses": "1225854000",
            "investmentIncomeNet": "None",
            "netInterestIncome": "-25788000",
            "interestIncome": "25788000",
            "interestExpense": "25788000",
            "nonInterestIncome": "4370086000",
            "otherNonOperatingIncome": "21241000",
            "depreciation": "None",
            "depreciationAndAmortization": "69097000",
            "incomeBeforeTax": "292278000",
            "incomeTaxExpense": "64747000",
            "interestAndDebtExpense": "25788000",
            "netIncomeFromContinuingOperations": "232918000",
            "comprehensiveIncomeNetOfTax": "273331000",
            "ebit": "318066000",
            "ebitda": "387163000",
            "netIncome": "227531000"
        },
        {
            "fiscalDateEnding": "2020-06-30",
            "reportedCurrency": "USD",
            "grossProfit": "1290487000",
            "totalRevenue": "3797762000",
            "costOfRevenue": "4102842000",
            "costofGoodsAndServicesSold": "2532740000",
            "operatingIncome": "-290915000",
            "sellingGeneralAndAdministrative": "971589000",
            "researchAndDevelopment": "None",
            "operatingExpenses": "1581402000",
            "investmentIncomeNet": "None",
            "netInterestIncome": "-25465000",
            "interestIncome": "25465000",
            "interestExpense": "25465000",
            "nonInterestIncome": "3823227000",
            "otherNonOperatingIncome": "11944000",
            "depreciation": "None",
            "depreciationAndAmortization": "66733000",
            "incomeBeforeTax": "-505307000",
            "incomeTaxExpense": "59065000",
            "interestAndDebtExpense": "25465000",
            "netIncomeFromContinuingOperations": "-363501000",
            "comprehensiveIncomeNetOfTax": "-443415000",
            "ebit": "-479842000",
            "ebitda": "-413109000",
            "netIncome": "-564372000"
        },
        {
            "fiscalDateEnding": "2020-03-31",
            "reportedCurrency": "USD",
            "grossProfit": "1388178000",
            "totalRevenue": "4538563000",
            "costOfRevenue": "4363366000",
            "costofGoodsAndServicesSold": "2704348000",
            "operatingIncome": "188866000",
            "sellingGeneralAndAdministrative": "1142697000",
            "researchAndDevelopment": "None",
            "operatingExpenses": "1219452000",
            "investmentIncomeNet": "None",
            "netInterestIncome": "-20969000",
            "interestIncome": "-4000",
            "interestExpense": "20965000",
            "nonInterestIncome": "4559532000",
            "otherNonOperatingIncome": "12832000",
            "depreciation": "None",
            "depreciationAndAmortization": "67254000",
            "incomeBeforeTax": "174782000",
            "incomeTaxExpense": "38247000",
            "interestAndDebtExpense": "20969000",
            "netIncomeFromContinuingOperations": "122346000",
            "comprehensiveIncomeNetOfTax": "-55486000",
            "ebit": "195747000",
            "ebitda": "263001000",
            "netIncome": "136535000"
        },
        {
            "fiscalDateEnding": "2019-12-31",
            "reportedCurrency": "USD",
            "grossProfit": "1478948000",
            "totalRevenue": "4279890000",
            "costOfRevenue": "4640817000",
            "costofGoodsAndServicesSold": "2800942000",
            "operatingIncome": "1478948000",
            "sellingGeneralAndAdministrative": "1163196000",
            "researchAndDevelopment": "None",
            "operatingExpenses": "1336960000",
            "investmentIncomeNet": "None",
            "netInterestIncome": "-22047000",
            "interestIncome": "-4209000",
            "interestExpense": "17838000",
            "nonInterestIncome": "4279890000",
            "otherNonOperatingIncome": "19797000",
            "depreciation": "None",
            "depreciationAndAmortization": "70295000",
            "incomeBeforeTax": "31092000",
            "incomeTaxExpense": "22174000",
            "interestAndDebtExpense": "22047000",
            "netIncomeFromContinuingOperations": "79016000",
            "comprehensiveIncomeNetOfTax": "1478948000",
            "ebit": "48930000",
            "ebitda": "119225000",
            "netIncome": "8918000"
        },
        {
            "fiscalDateEnding": "2019-09-30",
            "reportedCurrency": "USD",
            "grossProfit": "1505233000",
            "totalRevenue": "4988538000",
            "costOfRevenue": "4729412000",
            "costofGoodsAndServicesSold": "3020051000",
            "operatingIncome": "283918000",
            "sellingGeneralAndAdministrative": "1175699000",
            "researchAndDevelopment": "None",
            "operatingExpenses": "1242558000",
            "investmentIncomeNet": "None",
            "netInterestIncome": "-26485000",
            "interestIncome": "-34000",
            "interestExpense": "26451000",
            "nonInterestIncome": "5015023000",
            "otherNonOperatingIncome": "47655000",
            "depreciation": "None",
            "depreciationAndAmortization": "65667000",
            "incomeBeforeTax": "299110000",
            "incomeTaxExpense": "71623000",
            "interestAndDebtExpense": "26485000",
            "netIncomeFromContinuingOperations": "212256000",
            "comprehensiveIncomeNetOfTax": "154086000",
            "ebit": "325561000",
            "ebitda": "391228000",
            "netIncome": "227487000"
        },
        {
            "fiscalDateEnding": "2019-06-30",
            "reportedCurrency": "USD",
            "grossProfit": "1482704000",
            "totalRevenue": "4910964000",
            "costOfRevenue": "4618746000",
            "costofGoodsAndServicesSold": "2975227000",
            "operatingIncome": "309552000",
            "sellingGeneralAndAdministrative": "1127296000",
            "researchAndDevelopment": "None",
            "operatingExpenses": "1195493000",
            "investmentIncomeNet": "None",
            "netInterestIncome": "-23296000",
            "interestIncome": "-34000",
            "interestExpense": "23262000",
            "nonInterestIncome": "4934260000",
            "otherNonOperatingIncome": "18250000",
            "depreciation": "None",
            "depreciationAndAmortization": "62684000",
            "incomeBeforeTax": "297110000",
            "incomeTaxExpense": "72680000",
            "interestAndDebtExpense": "23296000",
            "netIncomeFromContinuingOperations": "209519000",
            "comprehensiveIncomeNetOfTax": "219238000",
            "ebit": "320372000",
            "ebitda": "383056000",
            "netIncome": "224430000"
        },
        {
            "fiscalDateEnding": "2019-03-31",
            "reportedCurrency": "USD",
            "grossProfit": "1392798000",
            "totalRevenue": "4685913000",
            "costOfRevenue": "4487862000",
            "costofGoodsAndServicesSold": "3228665000",
            "operatingIncome": "245002000",
            "sellingGeneralAndAdministrative": "1203905000",
            "researchAndDevelopment": "None",
            "operatingExpenses": "1269851000",
            "investmentIncomeNet": "None",
            "netInterestIncome": "-23883000",
            "interestIncome": "50920000",
            "interestExpense": "23883000",
            "nonInterestIncome": "4709796000",
            "otherNonOperatingIncome": "-2922000",
            "depreciation": "None",
            "depreciationAndAmortization": "61977000",
            "incomeBeforeTax": "211512000",
            "incomeTaxExpense": "51262000",
            "interestAndDebtExpense": "23883000",
            "netIncomeFromContinuingOperations": "145684000",
            "comprehensiveIncomeNetOfTax": "207867000",
            "ebit": "235395000",
            "ebitda": "297372000",
            "netIncome": "160250000"
        },
        {
            "fiscalDateEnding": "2018-12-31",
            "reportedCurrency": "USD",
            "grossProfit": "1078127000",
            "totalRevenue": "4575957000",
            "costOfRevenue": "4339408000",
            "costofGoodsAndServicesSold": "1622197000",
            "operatingIncome": "579333000",
            "sellingGeneralAndAdministrative": "839949000",
            "researchAndDevelopment": "None",
            "operatingExpenses": "894260000",
            "investmentIncomeNet": "None",
            "netInterestIncome": "-26256000",
            "interestIncome": "-129000",
            "interestExpense": "26127000",
            "nonInterestIncome": "4602213000",
            "otherNonOperatingIncome": "15573000",
            "depreciation": "None",
            "depreciationAndAmortization": "49688000",
            "incomeBeforeTax": "234253000",
            "incomeTaxExpense": "47554000",
            "interestAndDebtExpense": "26256000",
            "netIncomeFromContinuingOperations": "125759000",
            "comprehensiveIncomeNetOfTax": "33898000",
            "ebit": "260380000",
            "ebitda": "310068000",
            "netIncome": "186699000"
        },
        {
            "fiscalDateEnding": "2018-09-30",
            "reportedCurrency": "USD",
            "grossProfit": "1484235000",
            "totalRevenue": "4697838000",
            "costOfRevenue": "4419035000",
            "costofGoodsAndServicesSold": "3238687000",
            "operatingIncome": "298948000",
            "sellingGeneralAndAdministrative": "1119266000",
            "researchAndDevelopment": "None",
            "operatingExpenses": "1185287000",
            "investmentIncomeNet": "None",
            "netInterestIncome": "-25084000",
            "interestIncome": "None",
            "interestExpense": "25084000",
            "nonInterestIncome": "4722922000",
            "otherNonOperatingIncome": "17871000",
            "depreciation": "None",
            "depreciationAndAmortization": "61082000",
            "incomeBeforeTax": "291735000",
            "incomeTaxExpense": "71508000",
            "interestAndDebtExpense": "25084000",
            "netIncomeFromContinuingOperations": "220227000",
            "comprehensiveIncomeNetOfTax": "201300000",
            "ebit": "316819000",
            "ebitda": "377901000",
            "netIncome": "220227000"
        },
        {
            "fiscalDateEnding": "2018-06-30",
            "reportedCurrency": "USD",
            "grossProfit": "1521586000",
            "totalRevenue": "4795589000",
            "costOfRevenue": "4507147000",
            "costofGoodsAndServicesSold": "3300479000",
            "operatingIncome": "311252000",
            "sellingGeneralAndAdministrative": "1148217000",
            "researchAndDevelopment": "None",
            "operatingExpenses": "1210334000",
            "investmentIncomeNet": "None",
            "netInterestIncome": "-26476000",
            "interestIncome": "None",
            "interestExpense": "26476000",
            "nonInterestIncome": "4822065000",
            "otherNonOperatingIncome": "15495000",
            "depreciation": "None",
            "depreciationAndAmortization": "58451000",
            "incomeBeforeTax": "300271000",
            "incomeTaxExpense": "73299000",
            "interestAndDebtExpense": "26476000",
            "netIncomeFromContinuingOperations": "226972000",
            "comprehensiveIncomeNetOfTax": "102879000",
            "ebit": "326747000",
            "ebitda": "385198000",
            "netIncome": "226972000"
        },
        {
            "fiscalDateEnding": "2018-03-31",
            "reportedCurrency": "USD",
            "grossProfit": "1435807000",
            "totalRevenue": "9148479000",
            "costOfRevenue": "4342621000",
            "costofGoodsAndServicesSold": "3150487000",
            "operatingIncome": "240972000",
            "sellingGeneralAndAdministrative": "1133771000",
            "researchAndDevelopment": "None",
            "operatingExpenses": "1194835000",
            "investmentIncomeNet": "None",
            "netInterestIncome": "-24109000",
            "interestIncome": "None",
            "interestExpense": "24109000",
            "nonInterestIncome": "4586294000",
            "otherNonOperatingIncome": "12456000",
            "depreciation": "None",
            "depreciationAndAmortization": "58363000",
            "incomeBeforeTax": "229319000",
            "incomeTaxExpense": "52743000",
            "interestAndDebtExpense": "24109000",
            "netIncomeFromContinuingOperations": "176576000",
            "comprehensiveIncomeNetOfTax": "209910000",
            "ebit": "253428000",
            "ebitda": "311791000",
            "netIncome": "176576000"
        }
    ]
}