{
    "symbol": "ITW",
    "annualReports": [
        {
            "fiscalDateEnding": "2022-12-31",
            "reportedCurrency": "USD",
            "grossProfit": "6174000000",
            "totalRevenue": "15723000000",
            "costOfRevenue": "9549000000",
            "costofGoodsAndServicesSold": "9429000000",
            "operatingIncome": "3790000000",
            "sellingGeneralAndAdministrative": "120000000",
            "researchAndDevelopment": "269000000",
            "operatingExpenses": "393000000",
            "investmentIncomeNet": "22000000",
            "netInterestIncome": "-203000000",
            "interestIncome": "203000000",
            "interestExpense": "203000000",
            "nonInterestIncome": "15926000000",
            "otherNonOperatingIncome": "-1000000",
            "depreciation": "276000000",
            "depreciationAndAmortization": "134000000",
            "incomeBeforeTax": "3842000000",
            "incomeTaxExpense": "808000000",
            "interestAndDebtExpense": "203000000",
            "netIncomeFromContinuingOperations": "3034000000",
            "comprehensiveIncomeNetOfTax": "2695000000",
            "ebit": "3790000000",
            "ebitda": "4179000000",
            "netIncome": "3034000000"
        },
        {
            "fiscalDateEnding": "2021-12-31",
            "reportedCurrency": "USD",
            "grossProfit": "5652000000",
            "totalRevenue": "14244000000",
            "costOfRevenue": "8592000000",
            "costofGoodsAndServicesSold": "8489000000",
            "operatingIncome": "3477000000",
            "sellingGeneralAndAdministrative": "103000000",
            "researchAndDevelopment": "239000000",
            "operatingExpenses": "345000000",
            "investmentIncomeNet": "12000000",
            "netInterestIncome": "-202000000",
            "interestIncome": "202000000",
            "interestExpense": "202000000",
            "nonInterestIncome": "14446000000",
            "otherNonOperatingIncome": "-4000000",
            "depreciation": "277000000",
            "depreciationAndAmortization": "410000000",
            "incomeBeforeTax": "3326000000",
            "incomeTaxExpense": "632000000",
            "interestAndDebtExpense": "202000000",
            "netIncomeFromContinuingOperations": "2694000000",
            "comprehensiveIncomeNetOfTax": "2834000000",
            "ebit": "3477000000",
            "ebitda": "3938000000",
            "netIncome": "2694000000"
        },
        {
            "fiscalDateEnding": "2020-12-31",
            "reportedCurrency": "USD",
            "grossProfit": "4901000000",
            "totalRevenue": "12361000000",
            "costOfRevenue": "7460000000",
            "costofGoodsAndServicesSold": "7375000000",
            "operatingIncome": "2882000000",
            "sellingGeneralAndAdministrative": "85000000",
            "researchAndDevelopment": "214000000",
            "operatingExpenses": "308000000",
            "investmentIncomeNet": "17000000",
            "netInterestIncome": "-206000000",
            "interestIncome": "206000000",
            "interestExpense": "206000000",
            "nonInterestIncome": "12567000000",
            "otherNonOperatingIncome": "-5000000",
            "depreciation": "273000000",
            "depreciationAndAmortization": "427000000",
            "incomeBeforeTax": "2704000000",
            "incomeTaxExpense": "595000000",
            "interestAndDebtExpense": "206000000",
            "netIncomeFromContinuingOperations": "2109000000",
            "comprehensiveIncomeNetOfTax": "2172000000",
            "ebit": "2882000000",
            "ebitda": "3337000000",
            "netIncome": "2109000000"
        },
        {
            "fiscalDateEnding": "2019-12-31",
            "reportedCurrency": "USD",
            "grossProfit": "5611000000",
            "totalRevenue": "13887000000",
            "costOfRevenue": "8276000000",
            "costofGoodsAndServicesSold": "8187000000",
            "operatingIncome": "3402000000",
            "sellingGeneralAndAdministrative": "89000000",
            "researchAndDevelopment": "221000000",
            "operatingExpenses": "307000000",
            "investmentIncomeNet": "29000000",
            "netInterestIncome": "-221000000",
            "interestIncome": "29000000",
            "interestExpense": "221000000",
            "nonInterestIncome": "14108000000",
            "otherNonOperatingIncome": "5000000",
            "depreciation": "267000000",
            "depreciationAndAmortization": "426000000",
            "incomeBeforeTax": "3288000000",
            "incomeTaxExpense": "767000000",
            "interestAndDebtExpense": "221000000",
            "netIncomeFromContinuingOperations": "2521000000",
            "comprehensiveIncomeNetOfTax": "2493000000",
            "ebit": "3402000000",
            "ebitda": "3935000000",
            "netIncome": "2521000000"
        },
        {
            "fiscalDateEnding": "2018-12-31",
            "reportedCurrency": "USD",
            "grossProfit": "5950000000",
            "totalRevenue": "14768000000",
            "costOfRevenue": "8818000000",
            "costofGoodsAndServicesSold": "8604000000",
            "operatingIncome": "3584000000",
            "sellingGeneralAndAdministrative": "214000000",
            "researchAndDevelopment": "233000000",
            "operatingExpenses": "445000000",
            "investmentIncomeNet": "35000000",
            "netInterestIncome": "-257000000",
            "interestIncome": "35000000",
            "interestExpense": "257000000",
            "nonInterestIncome": "14774000000",
            "otherNonOperatingIncome": "6000000",
            "depreciation": "272000000",
            "depreciationAndAmortization": "461000000",
            "incomeBeforeTax": "3394000000",
            "incomeTaxExpense": "831000000",
            "interestAndDebtExpense": "257000000",
            "netIncomeFromContinuingOperations": "2563000000",
            "comprehensiveIncomeNetOfTax": "2218000000",
            "ebit": "3584000000",
            "ebitda": "4112000000",
            "netIncome": "2563000000"
        }
    ],
    "quarterlyReports": [
        {
            "fiscalDateEnding": "2022-12-31",
            "reportedCurrency": "USD",
            "grossProfit": "1479000000",
            "totalRevenue": "3908000000",
            "costOfRevenue": "2429000000",
            "costofGoodsAndServicesSold": "2309000000",
            "operatingIncome": "986000000",
            "sellingGeneralAndAdministrative": "644000000",
            "researchAndDevelopment": "1920000000",
            "operatingExpenses": "390000000",
            "investmentIncomeNet": "None",
            "netInterestIncome": "-56000000",
            "interestIncome": "56000000",
            "interestExpense": "56000000",
            "nonInterestIncome": "3964000000",
            "otherNonOperatingIncome": "-65000000",
            "depreciation": "67000000",
            "depreciationAndAmortization": "32000000",
            "incomeBeforeTax": "1121000000",
            "incomeTaxExpense": "214000000",
            "interestAndDebtExpense": "56000000",
            "netIncomeFromContinuingOperations": "907000000",
            "comprehensiveIncomeNetOfTax": "948000000",
            "ebit": "986000000",
            "ebitda": "1209000000",
            "netIncome": "907000000"
        },
        {
            "fiscalDateEnding": "2022-09-30",
            "reportedCurrency": "USD",
            "grossProfit": "1588000000",
            "totalRevenue": "3959000000",
            "costOfRevenue": "2371000000",
            "costofGoodsAndServicesSold": "2371000000",
            "operatingIncome": "983000000",
            "sellingGeneralAndAdministrative": "624000000",
            "researchAndDevelopment": "624000000",
            "operatingExpenses": "1000000",
            "investmentIncomeNet": "None",
            "netInterestIncome": "-52000000",
            "interestIncome": "52000000",
            "interestExpense": "52000000",
            "nonInterestIncome": "4011000000",
            "otherNonOperatingIncome": "26000000",
            "depreciation": "69000000",
            "depreciationAndAmortization": "102000000",
            "incomeBeforeTax": "957000000",
            "incomeTaxExpense": "230000000",
            "interestAndDebtExpense": "52000000",
            "netIncomeFromContinuingOperations": "727000000",
            "comprehensiveIncomeNetOfTax": "522000000",
            "ebit": "983000000",
            "ebitda": "1111000000",
            "netIncome": "727000000"
        },
        {
            "fiscalDateEnding": "2022-06-30",
            "reportedCurrency": "USD",
            "grossProfit": "1572000000",
            "totalRevenue": "3964000000",
            "costOfRevenue": "2392000000",
            "costofGoodsAndServicesSold": "2392000000",
            "operatingIncome": "926000000",
            "sellingGeneralAndAdministrative": "659000000",
            "researchAndDevelopment": "659000000",
            "operatingExpenses": "1000000",
            "investmentIncomeNet": "None",
            "netInterestIncome": "-47000000",
            "interestIncome": "47000000",
            "interestExpense": "47000000",
            "nonInterestIncome": "4011000000",
            "otherNonOperatingIncome": "24000000",
            "depreciation": "69000000",
            "depreciationAndAmortization": "103000000",
            "incomeBeforeTax": "903000000",
            "incomeTaxExpense": "165000000",
            "interestAndDebtExpense": "47000000",
            "netIncomeFromContinuingOperations": "738000000",
            "comprehensiveIncomeNetOfTax": "532000000",
            "ebit": "926000000",
            "ebitda": "1053000000",
            "netIncome": "738000000"
        },
        {
            "fiscalDateEnding": "2022-03-31",
            "reportedCurrency": "USD",
            "grossProfit": "1534000000",
            "totalRevenue": "3891000000",
            "costOfRevenue": "2357000000",
            "costofGoodsAndServicesSold": "2357000000",
            "operatingIncome": "895000000",
            "sellingGeneralAndAdministrative": "652000000",
            "researchAndDevelopment": "None",
            "operatingExpenses": "1000000",
            "investmentIncomeNet": "None",
            "netInterestIncome": "-48000000",
            "interestIncome": "48000000",
            "interestExpense": "48000000",
            "nonInterestIncome": "3939000000",
            "otherNonOperatingIncome": "14000000",
            "depreciation": "71000000",
            "depreciationAndAmortization": "106000000",
            "incomeBeforeTax": "861000000",
            "incomeTaxExpense": "199000000",
            "interestAndDebtExpense": "48000000",
            "netIncomeFromContinuingOperations": "662000000",
            "comprehensiveIncomeNetOfTax": "693000000",
            "ebit": "895000000",
            "ebitda": "1015000000",
            "netIncome": "662000000"
        },
        {
            "fiscalDateEnding": "2021-12-31",
            "reportedCurrency": "USD",
            "grossProfit": "1327000000",
            "totalRevenue": "3621000000",
            "costOfRevenue": "2294000000",
            "costofGoodsAndServicesSold": "2191000000",
            "operatingIncome": "834000000",
            "sellingGeneralAndAdministrative": "621000000",
            "researchAndDevelopment": "2356000000",
            "operatingExpenses": "345000000",
            "investmentIncomeNet": "None",
            "netInterestIncome": "-49000000",
            "interestIncome": "49000000",
            "interestExpense": "49000000",
            "nonInterestIncome": "3670000000",
            "otherNonOperatingIncome": "-48000000",
            "depreciation": "71000000",
            "depreciationAndAmortization": "104000000",
            "incomeBeforeTax": "792000000",
            "incomeTaxExpense": "183000000",
            "interestAndDebtExpense": "49000000",
            "netIncomeFromContinuingOperations": "609000000",
            "comprehensiveIncomeNetOfTax": "745000000",
            "ebit": "834000000",
            "ebitda": "945000000",
            "netIncome": "609000000"
        },
        {
            "fiscalDateEnding": "2021-09-30",
            "reportedCurrency": "USD",
            "grossProfit": "1411000000",
            "totalRevenue": "3507000000",
            "costOfRevenue": "2096000000",
            "costofGoodsAndServicesSold": "2096000000",
            "operatingIncome": "845000000",
            "sellingGeneralAndAdministrative": "581000000",
            "researchAndDevelopment": "581000000",
            "operatingExpenses": "-1000000",
            "investmentIncomeNet": "None",
            "netInterestIncome": "-49000000",
            "interestIncome": "49000000",
            "interestExpense": "49000000",
            "nonInterestIncome": "3556000000",
            "otherNonOperatingIncome": "10000000",
            "depreciation": "70000000",
            "depreciationAndAmortization": "104000000",
            "incomeBeforeTax": "806000000",
            "incomeTaxExpense": "167000000",
            "interestAndDebtExpense": "49000000",
            "netIncomeFromContinuingOperations": "639000000",
            "comprehensiveIncomeNetOfTax": "591000000",
            "ebit": "845000000",
            "ebitda": "959000000",
            "netIncome": "639000000"
        },
        {
            "fiscalDateEnding": "2021-06-30",
            "reportedCurrency": "USD",
            "grossProfit": "1461000000",
            "totalRevenue": "3624000000",
            "costOfRevenue": "2163000000",
            "costofGoodsAndServicesSold": "2163000000",
            "operatingIncome": "893000000",
            "sellingGeneralAndAdministrative": "588000000",
            "researchAndDevelopment": "None",
            "operatingExpenses": "1000000",
            "investmentIncomeNet": "None",
            "netInterestIncome": "-52000000",
            "interestIncome": "52000000",
            "interestExpense": "52000000",
            "nonInterestIncome": "3676000000",
            "otherNonOperatingIncome": "22000000",
            "depreciation": "70000000",
            "depreciationAndAmortization": "102000000",
            "incomeBeforeTax": "863000000",
            "incomeTaxExpense": "88000000",
            "interestAndDebtExpense": "52000000",
            "netIncomeFromContinuingOperations": "775000000",
            "comprehensiveIncomeNetOfTax": "823000000",
            "ebit": "893000000",
            "ebitda": "1017000000",
            "netIncome": "775000000"
        },
        {
            "fiscalDateEnding": "2021-03-31",
            "reportedCurrency": "USD",
            "grossProfit": "1453000000",
            "totalRevenue": "3492000000",
            "costOfRevenue": "2039000000",
            "costofGoodsAndServicesSold": "2039000000",
            "operatingIncome": "905000000",
            "sellingGeneralAndAdministrative": "566000000",
            "researchAndDevelopment": "566000000",
            "operatingExpenses": "0",
            "investmentIncomeNet": "None",
            "netInterestIncome": "-52000000",
            "interestIncome": "52000000",
            "interestExpense": "52000000",
            "nonInterestIncome": "3544000000",
            "otherNonOperatingIncome": "12000000",
            "depreciation": "66000000",
            "depreciationAndAmortization": "100000000",
            "incomeBeforeTax": "865000000",
            "incomeTaxExpense": "194000000",
            "interestAndDebtExpense": "52000000",
            "netIncomeFromContinuingOperations": "671000000",
            "comprehensiveIncomeNetOfTax": "675000000",
            "ebit": "905000000",
            "ebitda": "1017000000",
            "netIncome": "671000000"
        },
        {
            "fiscalDateEnding": "2020-12-31",
            "reportedCurrency": "USD",
            "grossProfit": "1475000000",
            "totalRevenue": "3475000000",
            "costOfRevenue": "2000000000",
            "costofGoodsAndServicesSold": "2000000000",
            "operatingIncome": "883000000",
            "sellingGeneralAndAdministrative": "557000000",
            "researchAndDevelopment": "1603000000",
            "operatingExpenses": "302000000",
            "investmentIncomeNet": "None",
            "netInterestIncome": "-52000000",
            "interestIncome": "52000000",
            "interestExpense": "52000000",
            "nonInterestIncome": "3475000000",
            "otherNonOperatingIncome": "-40000000",
            "depreciation": "70000000",
            "depreciationAndAmortization": "105000000",
            "incomeBeforeTax": "824000000",
            "incomeTaxExpense": "182000000",
            "interestAndDebtExpense": "52000000",
            "netIncomeFromContinuingOperations": "883000000",
            "comprehensiveIncomeNetOfTax": "642000000",
            "ebit": "883000000",
            "ebitda": "981000000",
            "netIncome": "642000000"
        },
        {
            "fiscalDateEnding": "2020-09-30",
            "reportedCurrency": "USD",
            "grossProfit": "1345000000",
            "totalRevenue": "3255000000",
            "costOfRevenue": "1910000000",
            "costofGoodsAndServicesSold": "1910000000",
            "operatingIncome": "789000000",
            "sellingGeneralAndAdministrative": "560000000",
            "researchAndDevelopment": "560000000",
            "operatingExpenses": "2000000",
            "investmentIncomeNet": "None",
            "netInterestIncome": "-52000000",
            "interestIncome": "52000000",
            "interestExpense": "52000000",
            "nonInterestIncome": "3307000000",
            "otherNonOperatingIncome": "2000000",
            "depreciation": "70000000",
            "depreciationAndAmortization": "118000000",
            "incomeBeforeTax": "739000000",
            "incomeTaxExpense": "157000000",
            "interestAndDebtExpense": "52000000",
            "netIncomeFromContinuingOperations": "582000000",
            "comprehensiveIncomeNetOfTax": "654000000",
            "ebit": "789000000",
            "ebitda": "909000000",
            "netIncome": "582000000"
        },
        {
            "fiscalDateEnding": "2020-06-30",
            "reportedCurrency": "USD",
            "grossProfit": "919000000",
            "totalRevenue": "2513000000",
            "costOfRevenue": "1594000000",
            "costofGoodsAndServicesSold": "1594000000",
            "operatingIncome": "449000000",
            "sellingGeneralAndAdministrative": "486000000",
            "researchAndDevelopment": "None",
            "operatingExpenses": "2000000",
            "investmentIncomeNet": "None",
            "netInterestIncome": "-51000000",
            "interestIncome": "51000000",
            "interestExpense": "51000000",
            "nonInterestIncome": "2564000000",
            "otherNonOperatingIncome": "8000000",
            "depreciation": "65000000",
            "depreciationAndAmortization": "100000000",
            "incomeBeforeTax": "406000000",
            "incomeTaxExpense": "87000000",
            "interestAndDebtExpense": "51000000",
            "netIncomeFromContinuingOperations": "319000000",
            "comprehensiveIncomeNetOfTax": "393000000",
            "ebit": "449000000",
            "ebitda": "557000000",
            "netIncome": "319000000"
        },
        {
            "fiscalDateEnding": "2020-03-31",
            "reportedCurrency": "USD",
            "grossProfit": "1306000000",
            "totalRevenue": "3177000000",
            "costOfRevenue": "1871000000",
            "costofGoodsAndServicesSold": "1871000000",
            "operatingIncome": "761000000",
            "sellingGeneralAndAdministrative": "560000000",
            "researchAndDevelopment": "None",
            "operatingExpenses": "2000000",
            "investmentIncomeNet": "None",
            "netInterestIncome": "-51000000",
            "interestIncome": "51000000",
            "interestExpense": "51000000",
            "nonInterestIncome": "3228000000",
            "otherNonOperatingIncome": "25000000",
            "depreciation": "68000000",
            "depreciationAndAmortization": "104000000",
            "incomeBeforeTax": "735000000",
            "incomeTaxExpense": "169000000",
            "interestAndDebtExpense": "51000000",
            "netIncomeFromContinuingOperations": "566000000",
            "comprehensiveIncomeNetOfTax": "288000000",
            "ebit": "761000000",
            "ebitda": "890000000",
            "netIncome": "566000000"
        },
        {
            "fiscalDateEnding": "2019-12-31",
            "reportedCurrency": "USD",
            "grossProfit": "1447000000",
            "totalRevenue": "3469000000",
            "costOfRevenue": "2022000000",
            "costofGoodsAndServicesSold": "2022000000",
            "operatingIncome": "824000000",
            "sellingGeneralAndAdministrative": "586000000",
            "researchAndDevelopment": "None",
            "operatingExpenses": "312000000",
            "investmentIncomeNet": "None",
            "netInterestIncome": "-51000000",
            "interestIncome": "51000000",
            "interestExpense": "51000000",
            "nonInterestIncome": "3469000000",
            "otherNonOperatingIncome": "-44000000",
            "depreciation": "68000000",
            "depreciationAndAmortization": "105000000",
            "incomeBeforeTax": "831000000",
            "incomeTaxExpense": "190000000",
            "interestAndDebtExpense": "51000000",
            "netIncomeFromContinuingOperations": "824000000",
            "comprehensiveIncomeNetOfTax": "641000000",
            "ebit": "824000000",
            "ebitda": "987000000",
            "netIncome": "641000000"
        },
        {
            "fiscalDateEnding": "2019-09-30",
            "reportedCurrency": "USD",
            "grossProfit": "1420000000",
            "totalRevenue": "3427000000",
            "costOfRevenue": "2007000000",
            "costofGoodsAndServicesSold": "2007000000",
            "operatingIncome": "868000000",
            "sellingGeneralAndAdministrative": "566000000",
            "researchAndDevelopment": "None",
            "operatingExpenses": "-9000000",
            "investmentIncomeNet": "None",
            "netInterestIncome": "-52000000",
            "interestIncome": "52000000",
            "interestExpense": "52000000",
            "nonInterestIncome": "3479000000",
            "otherNonOperatingIncome": "26000000",
            "depreciation": "66000000",
            "depreciationAndAmortization": "104000000",
            "incomeBeforeTax": "842000000",
            "incomeTaxExpense": "182000000",
            "interestAndDebtExpense": "52000000",
            "netIncomeFromContinuingOperations": "660000000",
            "comprehensiveIncomeNetOfTax": "559000000",
            "ebit": "868000000",
            "ebitda": "998000000",
            "netIncome": "660000000"
        },
        {
            "fiscalDateEnding": "2019-06-30",
            "reportedCurrency": "USD",
            "grossProfit": "1455000000",
            "totalRevenue": "3554000000",
            "costOfRevenue": "2099000000",
            "costofGoodsAndServicesSold": "2099000000",
            "operatingIncome": "871000000",
            "sellingGeneralAndAdministrative": "598000000",
            "researchAndDevelopment": "None",
            "operatingExpenses": "2000000",
            "investmentIncomeNet": "None",
            "netInterestIncome": "-55000000",
            "interestIncome": "55000000",
            "interestExpense": "55000000",
            "nonInterestIncome": "3609000000",
            "otherNonOperatingIncome": "9000000",
            "depreciation": "66000000",
            "depreciationAndAmortization": "107000000",
            "incomeBeforeTax": "825000000",
            "incomeTaxExpense": "202000000",
            "interestAndDebtExpense": "55000000",
            "netIncomeFromContinuingOperations": "623000000",
            "comprehensiveIncomeNetOfTax": "568000000",
            "ebit": "871000000",
            "ebitda": "987000000",
            "netIncome": "623000000"
        },
        {
            "fiscalDateEnding": "2019-03-31",
            "reportedCurrency": "USD",
            "grossProfit": "1430000000",
            "totalRevenue": "3489000000",
            "costOfRevenue": "2059000000",
            "costofGoodsAndServicesSold": "2059000000",
            "operatingIncome": "839000000",
            "sellingGeneralAndAdministrative": "611000000",
            "researchAndDevelopment": "None",
            "operatingExpenses": "2000000",
            "investmentIncomeNet": "None",
            "netInterestIncome": "-63000000",
            "interestIncome": "63000000",
            "interestExpense": "63000000",
            "nonInterestIncome": "3552000000",
            "otherNonOperatingIncome": "14000000",
            "depreciation": "67000000",
            "depreciationAndAmortization": "110000000",
            "incomeBeforeTax": "790000000",
            "incomeTaxExpense": "193000000",
            "interestAndDebtExpense": "63000000",
            "netIncomeFromContinuingOperations": "597000000",
            "comprehensiveIncomeNetOfTax": "632000000",
            "ebit": "839000000",
            "ebitda": "963000000",
            "netIncome": "597000000"
        },
        {
            "fiscalDateEnding": "2018-12-31",
            "reportedCurrency": "USD",
            "grossProfit": "1484000000",
            "totalRevenue": "3580000000",
            "costOfRevenue": "2096000000",
            "costofGoodsAndServicesSold": "2096000000",
            "operatingIncome": "860000000",
            "sellingGeneralAndAdministrative": "578000000",
            "researchAndDevelopment": "233000000",
            "operatingExpenses": "443000000",
            "investmentIncomeNet": "None",
            "netInterestIncome": "-63000000",
            "interestIncome": "None",
            "interestExpense": "63000000",
            "nonInterestIncome": "3580000000",
            "otherNonOperatingIncome": "-42000000",
            "depreciation": "69000000",
            "depreciationAndAmortization": "115000000",
            "incomeBeforeTax": "816000000",
            "incomeTaxExpense": "209000000",
            "interestAndDebtExpense": "63000000",
            "netIncomeFromContinuingOperations": "860000000",
            "comprehensiveIncomeNetOfTax": "607000000",
            "ebit": "860000000",
            "ebitda": "994000000",
            "netIncome": "607000000"
        },
        {
            "fiscalDateEnding": "2018-09-30",
            "reportedCurrency": "USD",
            "grossProfit": "1517000000",
            "totalRevenue": "3613000000",
            "costOfRevenue": "2096000000",
            "costofGoodsAndServicesSold": "2096000000",
            "operatingIncome": "889000000",
            "sellingGeneralAndAdministrative": "581000000",
            "researchAndDevelopment": "None",
            "operatingExpenses": "1000000",
            "investmentIncomeNet": "None",
            "netInterestIncome": "-64000000",
            "interestIncome": "None",
            "interestExpense": "64000000",
            "nonInterestIncome": "3613000000",
            "otherNonOperatingIncome": "10000000",
            "depreciation": "68000000",
            "depreciationAndAmortization": "115000000",
            "incomeBeforeTax": "835000000",
            "incomeTaxExpense": "197000000",
            "interestAndDebtExpense": "64000000",
            "netIncomeFromContinuingOperations": "638000000",
            "comprehensiveIncomeNetOfTax": "579000000",
            "ebit": "889000000",
            "ebitda": "1014000000",
            "netIncome": "638000000"
        },
        {
            "fiscalDateEnding": "2018-06-30",
            "reportedCurrency": "USD",
            "grossProfit": "1600000000",
            "totalRevenue": "3831000000",
            "costOfRevenue": "2231000000",
            "costofGoodsAndServicesSold": "2231000000",
            "operatingIncome": "932000000",
            "sellingGeneralAndAdministrative": "620000000",
            "researchAndDevelopment": "None",
            "operatingExpenses": "1000000",
            "investmentIncomeNet": "None",
            "netInterestIncome": "-64000000",
            "interestIncome": "None",
            "interestExpense": "64000000",
            "nonInterestIncome": "3831000000",
            "otherNonOperatingIncome": "26000000",
            "depreciation": "68000000",
            "depreciationAndAmortization": "116000000",
            "incomeBeforeTax": "894000000",
            "incomeTaxExpense": "228000000",
            "interestAndDebtExpense": "64000000",
            "netIncomeFromContinuingOperations": "666000000",
            "comprehensiveIncomeNetOfTax": "376000000",
            "ebit": "932000000",
            "ebitda": "1074000000",
            "netIncome": "666000000"
        },
        {
            "fiscalDateEnding": "2018-03-31",
            "reportedCurrency": "USD",
            "grossProfit": "1498000000",
            "totalRevenue": "3744000000",
            "costOfRevenue": "2181000000",
            "costofGoodsAndServicesSold": "2181000000",
            "operatingIncome": "903000000",
            "sellingGeneralAndAdministrative": "612000000",
            "researchAndDevelopment": "612000000",
            "operatingExpenses": "0",
            "investmentIncomeNet": "None",
            "netInterestIncome": "-66000000",
            "interestIncome": "None",
            "interestExpense": "66000000",
            "nonInterestIncome": "1000000",
            "otherNonOperatingIncome": "12000000",
            "depreciation": "67000000",
            "depreciationAndAmortization": "115000000",
            "incomeBeforeTax": "849000000",
            "incomeTaxExpense": "197000000",
            "interestAndDebtExpense": "66000000",
            "netIncomeFromContinuingOperations": "652000000",
            "comprehensiveIncomeNetOfTax": "744000000",
            "ebit": "903000000",
            "ebitda": "1030000000",
            "netIncome": "652000000"
        }
    ]
}