{
    "symbol": "KDP",
    "annualReports": [
        {
            "fiscalDateEnding": "2022-12-31",
            "reportedCurrency": "USD",
            "grossProfit": "7323000000",
            "totalRevenue": "13190000000",
            "costOfRevenue": "12315000000",
            "costofGoodsAndServicesSold": "6734000000",
            "operatingIncome": "2605000000",
            "sellingGeneralAndAdministrative": "4645000000",
            "researchAndDevelopment": "65000000",
            "operatingExpenses": "5209000000",
            "investmentIncomeNet": "None",
            "netInterestIncome": "-693000000",
            "interestIncome": "None",
            "interestExpense": "693000000",
            "nonInterestIncome": "13944000000",
            "otherNonOperatingIncome": "-14000000",
            "depreciation": "399000000",
            "depreciationAndAmortization": "386000000",
            "incomeBeforeTax": "1720000000",
            "incomeTaxExpense": "284000000",
            "interestAndDebtExpense": "910000000",
            "netIncomeFromContinuingOperations": "1435000000",
            "comprehensiveIncomeNetOfTax": "1590000000",
            "ebit": "2413000000",
            "ebitda": "2799000000",
            "netIncome": "1436000000"
        },
        {
            "fiscalDateEnding": "2021-12-31",
            "reportedCurrency": "USD",
            "grossProfit": "6977000000",
            "totalRevenue": "12701000000",
            "costOfRevenue": "10502000000",
            "costofGoodsAndServicesSold": "5706000000",
            "operatingIncome": "2894000000",
            "sellingGeneralAndAdministrative": "4153000000",
            "researchAndDevelopment": "66000000",
            "operatingExpenses": "4711000000",
            "investmentIncomeNet": "None",
            "netInterestIncome": "-518000000",
            "interestIncome": "-18000000",
            "interestExpense": "500000000",
            "nonInterestIncome": "13168000000",
            "otherNonOperatingIncome": "2000000",
            "depreciation": "410000000",
            "depreciationAndAmortization": "361000000",
            "incomeBeforeTax": "2799000000",
            "incomeTaxExpense": "653000000",
            "interestAndDebtExpense": "623000000",
            "netIncomeFromContinuingOperations": "2145000000",
            "comprehensiveIncomeNetOfTax": "2042000000",
            "ebit": "3299000000",
            "ebitda": "3660000000",
            "netIncome": "2146000000"
        },
        {
            "fiscalDateEnding": "2020-12-31",
            "reportedCurrency": "USD",
            "grossProfit": "6486000000",
            "totalRevenue": "11130000000",
            "costOfRevenue": "9835000000",
            "costofGoodsAndServicesSold": "5132000000",
            "operatingIncome": "2480000000",
            "sellingGeneralAndAdministrative": "3978000000",
            "researchAndDevelopment": "69000000",
            "operatingExpenses": "4719000000",
            "investmentIncomeNet": "None",
            "netInterestIncome": "-618000000",
            "interestIncome": "-14000000",
            "interestExpense": "604000000",
            "nonInterestIncome": "11651000000",
            "otherNonOperatingIncome": "-17000000",
            "depreciation": "362000000",
            "depreciationAndAmortization": "338000000",
            "incomeBeforeTax": "1753000000",
            "incomeTaxExpense": "428000000",
            "interestAndDebtExpense": "622000000",
            "netIncomeFromContinuingOperations": "1325000000",
            "comprehensiveIncomeNetOfTax": "1298000000",
            "ebit": "2357000000",
            "ebitda": "2695000000",
            "netIncome": "1325000000"
        },
        {
            "fiscalDateEnding": "2019-12-31",
            "reportedCurrency": "USD",
            "grossProfit": "6342000000",
            "totalRevenue": "10500000000",
            "costOfRevenue": "9405000000",
            "costofGoodsAndServicesSold": "4778000000",
            "operatingIncome": "2378000000",
            "sellingGeneralAndAdministrative": "3962000000",
            "researchAndDevelopment": "81000000",
            "operatingExpenses": "4667000000",
            "investmentIncomeNet": "None",
            "netInterestIncome": "-654000000",
            "interestIncome": "672000000",
            "interestExpense": "654000000",
            "nonInterestIncome": "11104000000",
            "otherNonOperatingIncome": "-19000000",
            "depreciation": "358000000",
            "depreciationAndAmortization": "340000000",
            "incomeBeforeTax": "1694000000",
            "incomeTaxExpense": "440000000",
            "interestAndDebtExpense": "665000000",
            "netIncomeFromContinuingOperations": "1254000000",
            "comprehensiveIncomeNetOfTax": "1488000000",
            "ebit": "2348000000",
            "ebitda": "2688000000",
            "netIncome": "1254000000"
        },
        {
            "fiscalDateEnding": "2018-12-31",
            "reportedCurrency": "USD",
            "grossProfit": "3882000000",
            "totalRevenue": "7147000000",
            "costOfRevenue": "6931000000",
            "costofGoodsAndServicesSold": "3560000000",
            "operatingIncome": "1237000000",
            "sellingGeneralAndAdministrative": "2635000000",
            "researchAndDevelopment": "64000000",
            "operatingExpenses": "3386000000",
            "investmentIncomeNet": "None",
            "netInterestIncome": "-401000000",
            "interestIncome": "425000000",
            "interestExpense": "401000000",
            "nonInterestIncome": "7388000000",
            "otherNonOperatingIncome": "19000000",
            "depreciation": "233000000",
            "depreciationAndAmortization": "350000000",
            "incomeBeforeTax": "788000000",
            "incomeTaxExpense": "202000000",
            "interestAndDebtExpense": "414000000",
            "netIncomeFromContinuingOperations": "589000000",
            "comprehensiveIncomeNetOfTax": "357000000",
            "ebit": "1189000000",
            "ebitda": "1539000000",
            "netIncome": "586000000"
        }
    ],
    "quarterlyReports": [
        {
            "fiscalDateEnding": "2022-12-31",
            "reportedCurrency": "USD",
            "grossProfit": "1996000000",
            "totalRevenue": "3694000000",
            "costOfRevenue": "3335000000",
            "costofGoodsAndServicesSold": "1807000000",
            "operatingIncome": "673000000",
            "sellingGeneralAndAdministrative": "1227000000",
            "researchAndDevelopment": "None",
            "operatingExpenses": "1531000000",
            "investmentIncomeNet": "None",
            "netInterestIncome": "-123000000",
            "interestIncome": "553000000",
            "interestExpense": "676000000",
            "nonInterestIncome": "3841000000",
            "otherNonOperatingIncome": "8000000",
            "depreciation": "98000000",
            "depreciationAndAmortization": "100000000",
            "incomeBeforeTax": "558000000",
            "incomeTaxExpense": "105000000",
            "interestAndDebtExpense": "676000000",
            "netIncomeFromContinuingOperations": "453000000",
            "comprehensiveIncomeNetOfTax": "591000000",
            "ebit": "673000000",
            "ebitda": "1334000000",
            "netIncome": "453000000"
        },
        {
            "fiscalDateEnding": "2022-09-30",
            "reportedCurrency": "USD",
            "grossProfit": "1901000000",
            "totalRevenue": "3416000000",
            "costOfRevenue": "3280000000",
            "costofGoodsAndServicesSold": "1721000000",
            "operatingIncome": "394000000",
            "sellingGeneralAndAdministrative": "1196000000",
            "researchAndDevelopment": "None",
            "operatingExpenses": "1559000000",
            "investmentIncomeNet": "None",
            "netInterestIncome": "-207000000",
            "interestIncome": "-201000000",
            "interestExpense": "6000000",
            "nonInterestIncome": "3622000000",
            "otherNonOperatingIncome": "-4000000",
            "depreciation": "96000000",
            "depreciationAndAmortization": "52000000",
            "incomeBeforeTax": "184000000",
            "incomeTaxExpense": "4000000",
            "interestAndDebtExpense": "6000000",
            "netIncomeFromContinuingOperations": "179000000",
            "comprehensiveIncomeNetOfTax": "-35000000",
            "ebit": "394000000",
            "ebitda": "242000000",
            "netIncome": "180000000"
        },
        {
            "fiscalDateEnding": "2022-06-30",
            "reportedCurrency": "USD",
            "grossProfit": "1776000000",
            "totalRevenue": "3210000000",
            "costOfRevenue": "3035000000",
            "costofGoodsAndServicesSold": "1778000000",
            "operatingIncome": "572000000",
            "sellingGeneralAndAdministrative": "1204000000",
            "researchAndDevelopment": "None",
            "operatingExpenses": "1257000000",
            "investmentIncomeNet": "None",
            "netInterestIncome": "-175000000",
            "interestIncome": "-170000000",
            "interestExpense": "5000000",
            "nonInterestIncome": "3385000000",
            "otherNonOperatingIncome": "-9000000",
            "depreciation": "99000000",
            "depreciationAndAmortization": "53000000",
            "incomeBeforeTax": "213000000",
            "incomeTaxExpense": "-5000000",
            "interestAndDebtExpense": "174000000",
            "netIncomeFromContinuingOperations": "218000000",
            "comprehensiveIncomeNetOfTax": "208000000",
            "ebit": "572000000",
            "ebitda": "271000000",
            "netIncome": "218000000"
        },
        {
            "fiscalDateEnding": "2022-03-31",
            "reportedCurrency": "USD",
            "grossProfit": "1650000000",
            "totalRevenue": "2929000000",
            "costOfRevenue": "2552000000",
            "costofGoodsAndServicesSold": "1428000000",
            "operatingIncome": "966000000",
            "sellingGeneralAndAdministrative": "1018000000",
            "researchAndDevelopment": "None",
            "operatingExpenses": "737000000",
            "investmentIncomeNet": "None",
            "netInterestIncome": "-188000000",
            "interestIncome": "-182000000",
            "interestExpense": "6000000",
            "nonInterestIncome": "3129000000",
            "otherNonOperatingIncome": "-9000000",
            "depreciation": "106000000",
            "depreciationAndAmortization": "94000000",
            "incomeBeforeTax": "765000000",
            "incomeTaxExpense": "180000000",
            "interestAndDebtExpense": "54000000",
            "netIncomeFromContinuingOperations": "585000000",
            "comprehensiveIncomeNetOfTax": "826000000",
            "ebit": "966000000",
            "ebitda": "865000000",
            "netIncome": "585000000"
        },
        {
            "fiscalDateEnding": "2021-12-31",
            "reportedCurrency": "USD",
            "grossProfit": "1772000000",
            "totalRevenue": "3938000000",
            "costOfRevenue": "3063000000",
            "costofGoodsAndServicesSold": "1619000000",
            "operatingIncome": "725000000",
            "sellingGeneralAndAdministrative": "1113000000",
            "researchAndDevelopment": "None",
            "operatingExpenses": "1424000000",
            "investmentIncomeNet": "None",
            "netInterestIncome": "-137000000",
            "interestIncome": "351000000",
            "interestExpense": "488000000",
            "nonInterestIncome": "3977000000",
            "otherNonOperatingIncome": "-4000000",
            "depreciation": "106000000",
            "depreciationAndAmortization": "97000000",
            "incomeBeforeTax": "1109000000",
            "incomeTaxExpense": "266000000",
            "interestAndDebtExpense": "506000000",
            "netIncomeFromContinuingOperations": "845000000",
            "comprehensiveIncomeNetOfTax": "811000000",
            "ebit": "725000000",
            "ebitda": "1694000000",
            "netIncome": "843000000"
        },
        {
            "fiscalDateEnding": "2021-09-30",
            "reportedCurrency": "USD",
            "grossProfit": "1835000000",
            "totalRevenue": "3134000000",
            "costOfRevenue": "2504000000",
            "costofGoodsAndServicesSold": "1415000000",
            "operatingIncome": "795000000",
            "sellingGeneralAndAdministrative": "1040000000",
            "researchAndDevelopment": "None",
            "operatingExpenses": "1089000000",
            "investmentIncomeNet": "None",
            "netInterestIncome": "-116000000",
            "interestIncome": "-111000000",
            "interestExpense": "5000000",
            "nonInterestIncome": "3250000000",
            "otherNonOperatingIncome": "-1000000",
            "depreciation": "98000000",
            "depreciationAndAmortization": "49000000",
            "incomeBeforeTax": "679000000",
            "incomeTaxExpense": "149000000",
            "interestAndDebtExpense": "5000000",
            "netIncomeFromContinuingOperations": "529000000",
            "comprehensiveIncomeNetOfTax": "407000000",
            "ebit": "795000000",
            "ebitda": "733000000",
            "netIncome": "530000000"
        },
        {
            "fiscalDateEnding": "2021-06-30",
            "reportedCurrency": "USD",
            "grossProfit": "1770000000",
            "totalRevenue": "3016000000",
            "costOfRevenue": "2460000000",
            "costofGoodsAndServicesSold": "1370000000",
            "operatingIncome": "734000000",
            "sellingGeneralAndAdministrative": "1039000000",
            "researchAndDevelopment": "None",
            "operatingExpenses": "1090000000",
            "investmentIncomeNet": "None",
            "netInterestIncome": "-125000000",
            "interestIncome": "-121000000",
            "interestExpense": "4000000",
            "nonInterestIncome": "3140000000",
            "otherNonOperatingIncome": "4000000",
            "depreciation": "104000000",
            "depreciationAndAmortization": "51000000",
            "incomeBeforeTax": "613000000",
            "incomeTaxExpense": "165000000",
            "interestAndDebtExpense": "4000000",
            "netIncomeFromContinuingOperations": "448000000",
            "comprehensiveIncomeNetOfTax": "412000000",
            "ebit": "734000000",
            "ebitda": "668000000",
            "netIncome": "448000000"
        },
        {
            "fiscalDateEnding": "2021-03-31",
            "reportedCurrency": "USD",
            "grossProfit": "1600000000",
            "totalRevenue": "2649000000",
            "costOfRevenue": "2368000000",
            "costofGoodsAndServicesSold": "1302000000",
            "operatingIncome": "640000000",
            "sellingGeneralAndAdministrative": "961000000",
            "researchAndDevelopment": "None",
            "operatingExpenses": "1047000000",
            "investmentIncomeNet": "None",
            "netInterestIncome": "-140000000",
            "interestIncome": "-137000000",
            "interestExpense": "3000000",
            "nonInterestIncome": "2808000000",
            "otherNonOperatingIncome": "3000000",
            "depreciation": "102000000",
            "depreciationAndAmortization": "86000000",
            "incomeBeforeTax": "398000000",
            "incomeTaxExpense": "73000000",
            "interestAndDebtExpense": "108000000",
            "netIncomeFromContinuingOperations": "325000000",
            "comprehensiveIncomeNetOfTax": "412000000",
            "ebit": "640000000",
            "ebitda": "487000000",
            "netIncome": "325000000"
        },
        {
            "fiscalDateEnding": "2020-12-31",
            "reportedCurrency": "USD",
            "grossProfit": "1768000000",
            "totalRevenue": "2975000000",
            "costOfRevenue": "2420000000",
            "costofGoodsAndServicesSold": "1353000000",
            "operatingIncome": "700000000",
            "sellingGeneralAndAdministrative": "1000000000",
            "researchAndDevelopment": "None",
            "operatingExpenses": "1067000000",
            "investmentIncomeNet": "None",
            "netInterestIncome": "-146000000",
            "interestIncome": "448000000",
            "interestExpense": "594000000",
            "nonInterestIncome": "3121000000",
            "otherNonOperatingIncome": "4000000",
            "depreciation": "90000000",
            "depreciationAndAmortization": "86000000",
            "incomeBeforeTax": "558000000",
            "incomeTaxExpense": "130000000",
            "interestAndDebtExpense": "146000000",
            "netIncomeFromContinuingOperations": "428000000",
            "comprehensiveIncomeNetOfTax": "722000000",
            "ebit": "700000000",
            "ebitda": "1238000000",
            "netIncome": "428000000"
        },
        {
            "fiscalDateEnding": "2020-09-30",
            "reportedCurrency": "USD",
            "grossProfit": "1704000000",
            "totalRevenue": "2872000000",
            "costOfRevenue": "2349000000",
            "costofGoodsAndServicesSold": "1316000000",
            "operatingIncome": "753000000",
            "sellingGeneralAndAdministrative": "949000000",
            "researchAndDevelopment": "None",
            "operatingExpenses": "1033000000",
            "investmentIncomeNet": "None",
            "netInterestIncome": "-148000000",
            "interestIncome": "-145000000",
            "interestExpense": "3000000",
            "nonInterestIncome": "3020000000",
            "otherNonOperatingIncome": "-5000000",
            "depreciation": "89000000",
            "depreciationAndAmortization": "46000000",
            "incomeBeforeTax": "584000000",
            "incomeTaxExpense": "141000000",
            "interestAndDebtExpense": "3000000",
            "netIncomeFromContinuingOperations": "443000000",
            "comprehensiveIncomeNetOfTax": "554000000",
            "ebit": "753000000",
            "ebitda": "633000000",
            "netIncome": "443000000"
        },
        {
            "fiscalDateEnding": "2020-06-30",
            "reportedCurrency": "USD",
            "grossProfit": "1562000000",
            "totalRevenue": "2705000000",
            "costOfRevenue": "2399000000",
            "costofGoodsAndServicesSold": "1302000000",
            "operatingIncome": "561000000",
            "sellingGeneralAndAdministrative": "1001000000",
            "researchAndDevelopment": "None",
            "operatingExpenses": "1097000000",
            "investmentIncomeNet": "None",
            "netInterestIncome": "-157000000",
            "interestIncome": "-154000000",
            "interestExpense": "3000000",
            "nonInterestIncome": "2862000000",
            "otherNonOperatingIncome": "4000000",
            "depreciation": "85000000",
            "depreciationAndAmortization": "44000000",
            "incomeBeforeTax": "406000000",
            "incomeTaxExpense": "108000000",
            "interestAndDebtExpense": "5000000",
            "netIncomeFromContinuingOperations": "298000000",
            "comprehensiveIncomeNetOfTax": "450000000",
            "ebit": "561000000",
            "ebitda": "453000000",
            "netIncome": "298000000"
        },
        {
            "fiscalDateEnding": "2020-03-31",
            "reportedCurrency": "USD",
            "grossProfit": "1452000000",
            "totalRevenue": "2472000000",
            "costOfRevenue": "2345000000",
            "costofGoodsAndServicesSold": "1161000000",
            "operatingIncome": "466000000",
            "sellingGeneralAndAdministrative": "1028000000",
            "researchAndDevelopment": "None",
            "operatingExpenses": "1144000000",
            "investmentIncomeNet": "None",
            "netInterestIncome": "-153000000",
            "interestIncome": "136000000",
            "interestExpense": "153000000",
            "nonInterestIncome": "2632000000",
            "otherNonOperatingIncome": "-20000000",
            "depreciation": "98000000",
            "depreciationAndAmortization": "65000000",
            "incomeBeforeTax": "205000000",
            "incomeTaxExpense": "49000000",
            "interestAndDebtExpense": "2000000",
            "netIncomeFromContinuingOperations": "141000000",
            "comprehensiveIncomeNetOfTax": "-428000000",
            "ebit": "466000000",
            "ebitda": "423000000",
            "netIncome": "156000000"
        },
        {
            "fiscalDateEnding": "2019-12-31",
            "reportedCurrency": "USD",
            "grossProfit": "1693000000",
            "totalRevenue": "2775000000",
            "costOfRevenue": "2252000000",
            "costofGoodsAndServicesSold": "1241000000",
            "operatingIncome": "713000000",
            "sellingGeneralAndAdministrative": "1011000000",
            "researchAndDevelopment": "None",
            "operatingExpenses": "1011000000",
            "investmentIncomeNet": "None",
            "netInterestIncome": "-157000000",
            "interestIncome": "159000000",
            "interestExpense": "157000000",
            "nonInterestIncome": "2932000000",
            "otherNonOperatingIncome": "-4000000",
            "depreciation": "87000000",
            "depreciationAndAmortization": "-13000000",
            "incomeBeforeTax": "550000000",
            "incomeTaxExpense": "144000000",
            "interestAndDebtExpense": "2000000",
            "netIncomeFromContinuingOperations": "406000000",
            "comprehensiveIncomeNetOfTax": "537000000",
            "ebit": "707000000",
            "ebitda": "694000000",
            "netIncome": "406000000"
        },
        {
            "fiscalDateEnding": "2019-09-30",
            "reportedCurrency": "USD",
            "grossProfit": "1625000000",
            "totalRevenue": "2712000000",
            "costOfRevenue": "2375000000",
            "costofGoodsAndServicesSold": "1245000000",
            "operatingIncome": "580000000",
            "sellingGeneralAndAdministrative": "1012000000",
            "researchAndDevelopment": "None",
            "operatingExpenses": "1130000000",
            "investmentIncomeNet": "None",
            "netInterestIncome": "-158000000",
            "interestIncome": "168000000",
            "interestExpense": "158000000",
            "nonInterestIncome": "2870000000",
            "otherNonOperatingIncome": "-9000000",
            "depreciation": "99000000",
            "depreciationAndAmortization": "31000000",
            "incomeBeforeTax": "413000000",
            "incomeTaxExpense": "109000000",
            "interestAndDebtExpense": "158000000",
            "netIncomeFromContinuingOperations": "304000000",
            "comprehensiveIncomeNetOfTax": "226000000",
            "ebit": "571000000",
            "ebitda": "602000000",
            "netIncome": "304000000"
        },
        {
            "fiscalDateEnding": "2019-06-30",
            "reportedCurrency": "USD",
            "grossProfit": "1626000000",
            "totalRevenue": "2642000000",
            "costOfRevenue": "2286000000",
            "costofGoodsAndServicesSold": "1186000000",
            "operatingIncome": "587000000",
            "sellingGeneralAndAdministrative": "1028000000",
            "researchAndDevelopment": "None",
            "operatingExpenses": "1100000000",
            "investmentIncomeNet": "None",
            "netInterestIncome": "-170000000",
            "interestIncome": "170000000",
            "interestExpense": "170000000",
            "nonInterestIncome": "2812000000",
            "otherNonOperatingIncome": "-1000000",
            "depreciation": "87000000",
            "depreciationAndAmortization": "32000000",
            "incomeBeforeTax": "416000000",
            "incomeTaxExpense": "102000000",
            "interestAndDebtExpense": "170000000",
            "netIncomeFromContinuingOperations": "314000000",
            "comprehensiveIncomeNetOfTax": "402000000",
            "ebit": "586000000",
            "ebitda": "618000000",
            "netIncome": "314000000"
        },
        {
            "fiscalDateEnding": "2019-03-31",
            "reportedCurrency": "USD",
            "grossProfit": "1398000000",
            "totalRevenue": "2328000000",
            "costOfRevenue": "2201000000",
            "costofGoodsAndServicesSold": "1106000000",
            "operatingIncome": "498000000",
            "sellingGeneralAndAdministrative": "911000000",
            "researchAndDevelopment": "None",
            "operatingExpenses": "1086000000",
            "investmentIncomeNet": "None",
            "netInterestIncome": "-169000000",
            "interestIncome": "175000000",
            "interestExpense": "169000000",
            "nonInterestIncome": "2506000000",
            "otherNonOperatingIncome": "-5000000",
            "depreciation": "85000000",
            "depreciationAndAmortization": "109000000",
            "incomeBeforeTax": "315000000",
            "incomeTaxExpense": "85000000",
            "interestAndDebtExpense": "178000000",
            "netIncomeFromContinuingOperations": "230000000",
            "comprehensiveIncomeNetOfTax": "323000000",
            "ebit": "484000000",
            "ebitda": "593000000",
            "netIncome": "230000000"
        },
        {
            "fiscalDateEnding": "2018-12-31",
            "reportedCurrency": "USD",
            "grossProfit": "1545000000",
            "totalRevenue": "2633000000",
            "costOfRevenue": "2254000000",
            "costofGoodsAndServicesSold": "1268000000",
            "operatingIncome": "547000000",
            "sellingGeneralAndAdministrative": "986000000",
            "researchAndDevelopment": "64000000",
            "operatingExpenses": "986000000",
            "investmentIncomeNet": "None",
            "netInterestIncome": "-180000000",
            "interestIncome": "None",
            "interestExpense": "180000000",
            "nonInterestIncome": "2813000000",
            "otherNonOperatingIncome": "-9000000",
            "depreciation": "83000000",
            "depreciationAndAmortization": "116000000",
            "incomeBeforeTax": "358000000",
            "incomeTaxExpense": "92000000",
            "interestAndDebtExpense": "0",
            "netIncomeFromContinuingOperations": "266000000",
            "comprehensiveIncomeNetOfTax": "-1000000",
            "ebit": "538000000",
            "ebitda": "654000000",
            "netIncome": "266000000"
        },
        {
            "fiscalDateEnding": "2018-09-30",
            "reportedCurrency": "USD",
            "grossProfit": "1365000000",
            "totalRevenue": "2705000000",
            "costOfRevenue": "2570000000",
            "costofGoodsAndServicesSold": "1367000000",
            "operatingIncome": "345000000",
            "sellingGeneralAndAdministrative": "1028000000",
            "researchAndDevelopment": "None",
            "operatingExpenses": "1199000000",
            "investmentIncomeNet": "None",
            "netInterestIncome": "-172000000",
            "interestIncome": "None",
            "interestExpense": "172000000",
            "nonInterestIncome": "2754000000",
            "otherNonOperatingIncome": "33000000",
            "depreciation": "84000000",
            "depreciationAndAmortization": "31000000",
            "incomeBeforeTax": "195000000",
            "incomeTaxExpense": "46000000",
            "interestAndDebtExpense": "183000000",
            "netIncomeFromContinuingOperations": "148000000",
            "comprehensiveIncomeNetOfTax": "226000000",
            "ebit": "367000000",
            "ebitda": "398000000",
            "netIncome": "149000000"
        },
        {
            "fiscalDateEnding": "2018-06-30",
            "reportedCurrency": "USD",
            "grossProfit": "491000000",
            "totalRevenue": "1843000000",
            "costOfRevenue": "1539000000",
            "costofGoodsAndServicesSold": "458000000",
            "operatingIncome": "167000000",
            "sellingGeneralAndAdministrative": "321000000",
            "researchAndDevelopment": "None",
            "operatingExpenses": "749000000",
            "investmentIncomeNet": "0",
            "netInterestIncome": "-51000000",
            "interestIncome": "-8000000",
            "interestExpense": "43000000",
            "nonInterestIncome": "0",
            "otherNonOperatingIncome": "8000000",
            "depreciation": "34000000",
            "depreciationAndAmortization": "28000000",
            "incomeBeforeTax": "96000000",
            "incomeTaxExpense": "13000000",
            "interestAndDebtExpense": "43000000",
            "netIncomeFromContinuingOperations": "238000000",
            "comprehensiveIncomeNetOfTax": "218000000",
            "ebit": "139000000",
            "ebitda": "167000000",
            "netIncome": "83000000"
        },
        {
            "fiscalDateEnding": "2018-03-31",
            "reportedCurrency": "USD",
            "grossProfit": "481000000",
            "totalRevenue": "1554000000",
            "costOfRevenue": "1334000000",
            "costofGoodsAndServicesSold": "467000000",
            "operatingIncome": "178000000",
            "sellingGeneralAndAdministrative": "300000000",
            "researchAndDevelopment": "None",
            "operatingExpenses": "653000000",
            "investmentIncomeNet": "1000000",
            "netInterestIncome": "2000000",
            "interestIncome": "43000000",
            "interestExpense": "41000000",
            "nonInterestIncome": "946000000",
            "otherNonOperatingIncome": "-13000000",
            "depreciation": "32000000",
            "depreciationAndAmortization": "27000000",
            "incomeBeforeTax": "139000000",
            "incomeTaxExpense": "51000000",
            "interestAndDebtExpense": "41000000",
            "netIncomeFromContinuingOperations": "165000000",
            "comprehensiveIncomeNetOfTax": "178000000",
            "ebit": "180000000",
            "ebitda": "207000000",
            "netIncome": "88000000"
        }
    ]
}