{
    "symbol": "LVS",
    "annualReports": [
        {
            "fiscalDateEnding": "2022-12-31",
            "reportedCurrency": "USD",
            "grossProfit": "2125000000",
            "totalRevenue": "4110000000",
            "costOfRevenue": "1985000000",
            "costofGoodsAndServicesSold": "2460000000",
            "operatingIncome": "-792000000",
            "sellingGeneralAndAdministrative": "936000000",
            "researchAndDevelopment": "143000000",
            "operatingExpenses": "2143000000",
            "investmentIncomeNet": "None",
            "netInterestIncome": "-702000000",
            "interestIncome": "586000000",
            "interestExpense": "702000000",
            "nonInterestIncome": "10000000",
            "otherNonOperatingIncome": "-9000000",
            "depreciation": "1010000000",
            "depreciationAndAmortization": "1036000000",
            "incomeBeforeTax": "1986000000",
            "incomeTaxExpense": "154000000",
            "interestAndDebtExpense": "702000000",
            "netIncomeFromContinuingOperations": "-1541000000",
            "comprehensiveIncomeNetOfTax": "1847000000",
            "ebit": "2688000000",
            "ebitda": "3724000000",
            "netIncome": "1832000000"
        },
        {
            "fiscalDateEnding": "2021-12-31",
            "reportedCurrency": "USD",
            "grossProfit": "2343000000",
            "totalRevenue": "4234000000",
            "costOfRevenue": "1891000000",
            "costofGoodsAndServicesSold": "2626000000",
            "operatingIncome": "-689000000",
            "sellingGeneralAndAdministrative": "831000000",
            "researchAndDevelopment": "109000000",
            "operatingExpenses": "2003000000",
            "investmentIncomeNet": "None",
            "netInterestIncome": "-621000000",
            "interestIncome": "4000000",
            "interestExpense": "621000000",
            "nonInterestIncome": "-34000000",
            "otherNonOperatingIncome": "-31000000",
            "depreciation": "1020000000",
            "depreciationAndAmortization": "1041000000",
            "incomeBeforeTax": "-966000000",
            "incomeTaxExpense": "-5000000",
            "interestAndDebtExpense": "621000000",
            "netIncomeFromContinuingOperations": "-1469000000",
            "comprehensiveIncomeNetOfTax": "-1012000000",
            "ebit": "-345000000",
            "ebitda": "696000000",
            "netIncome": "-961000000"
        },
        {
            "fiscalDateEnding": "2020-12-31",
            "reportedCurrency": "USD",
            "grossProfit": "1340000000",
            "totalRevenue": "2940000000",
            "costOfRevenue": "2272000000",
            "costofGoodsAndServicesSold": "2608000000",
            "operatingIncome": "-1393000000",
            "sellingGeneralAndAdministrative": "798000000",
            "researchAndDevelopment": "18000000",
            "operatingExpenses": "2389000000",
            "investmentIncomeNet": "None",
            "netInterestIncome": "-536000000",
            "interestIncome": "-13000000",
            "interestExpense": "523000000",
            "nonInterestIncome": "20000000",
            "otherNonOperatingIncome": "19000000",
            "depreciation": "1140000000",
            "depreciationAndAmortization": "997000000",
            "incomeBeforeTax": "-1661000000",
            "incomeTaxExpense": "24000000",
            "interestAndDebtExpense": "536000000",
            "netIncomeFromContinuingOperations": "-2143000000",
            "comprehensiveIncomeNetOfTax": "-1653000000",
            "ebit": "-1138000000",
            "ebitda": "-141000000",
            "netIncome": "-1685000000"
        },
        {
            "fiscalDateEnding": "2019-12-31",
            "reportedCurrency": "USD",
            "grossProfit": "11038000000",
            "totalRevenue": "12127000000",
            "costOfRevenue": "2701000000",
            "costofGoodsAndServicesSold": "6832000000",
            "operatingIncome": "3365000000",
            "sellingGeneralAndAdministrative": "1118000000",
            "researchAndDevelopment": "24000000",
            "operatingExpenses": "2755000000",
            "investmentIncomeNet": "None",
            "netInterestIncome": "-555000000",
            "interestIncome": "-106000000",
            "interestExpense": "449000000",
            "nonInterestIncome": "21000000",
            "otherNonOperatingIncome": "56000000",
            "depreciation": "1150000000",
            "depreciationAndAmortization": "1020000000",
            "incomeBeforeTax": "3130000000",
            "incomeTaxExpense": "432000000",
            "interestAndDebtExpense": "555000000",
            "netIncomeFromContinuingOperations": "3304000000",
            "comprehensiveIncomeNetOfTax": "2735000000",
            "ebit": "3579000000",
            "ebitda": "4599000000",
            "netIncome": "2698000000"
        },
        {
            "fiscalDateEnding": "2018-12-31",
            "reportedCurrency": "USD",
            "grossProfit": "11129000000",
            "totalRevenue": "13729000000",
            "costOfRevenue": "2600000000",
            "costofGoodsAndServicesSold": "6974000000",
            "operatingIncome": "3751000000",
            "sellingGeneralAndAdministrative": "1483000000",
            "researchAndDevelopment": "12000000",
            "operatingExpenses": "2617000000",
            "investmentIncomeNet": "None",
            "netInterestIncome": "-446000000",
            "interestIncome": "59000000",
            "interestExpense": "446000000",
            "nonInterestIncome": "114000000",
            "otherNonOperatingIncome": "26000000",
            "depreciation": "1100000000",
            "depreciationAndAmortization": "1111000000",
            "incomeBeforeTax": "2788000000",
            "incomeTaxExpense": "375000000",
            "interestAndDebtExpense": "446000000",
            "netIncomeFromContinuingOperations": "2951000000",
            "comprehensiveIncomeNetOfTax": "2359000000",
            "ebit": "3234000000",
            "ebitda": "4345000000",
            "netIncome": "2413000000"
        }
    ],
    "quarterlyReports": [
        {
            "fiscalDateEnding": "2022-12-31",
            "reportedCurrency": "USD",
            "grossProfit": "1117000000",
            "totalRevenue": "1117000000",
            "costOfRevenue": "500000000",
            "costofGoodsAndServicesSold": "665000000",
            "operatingIncome": "-166000000",
            "sellingGeneralAndAdministrative": "242000000",
            "researchAndDevelopment": "35000000",
            "operatingExpenses": "536000000",
            "investmentIncomeNet": "None",
            "netInterestIncome": "-201000000",
            "interestIncome": "141000000",
            "interestExpense": "201000000",
            "nonInterestIncome": "38000000",
            "otherNonOperatingIncome": "20000000",
            "depreciation": "None",
            "depreciationAndAmortization": "256000000",
            "incomeBeforeTax": "-187000000",
            "incomeTaxExpense": "-18000000",
            "interestAndDebtExpense": "201000000",
            "netIncomeFromContinuingOperations": "-269000000",
            "comprehensiveIncomeNetOfTax": "-28000000",
            "ebit": "14000000",
            "ebitda": "270000000",
            "netIncome": "-169000000"
        },
        {
            "fiscalDateEnding": "2022-09-30",
            "reportedCurrency": "USD",
            "grossProfit": "503000000",
            "totalRevenue": "1005000000",
            "costOfRevenue": "502000000",
            "costofGoodsAndServicesSold": "577000000",
            "operatingIncome": "-177000000",
            "sellingGeneralAndAdministrative": "238000000",
            "researchAndDevelopment": "26000000",
            "operatingExpenses": "536000000",
            "investmentIncomeNet": "None",
            "netInterestIncome": "-183000000",
            "interestIncome": "145000000",
            "interestExpense": "183000000",
            "nonInterestIncome": "3000000",
            "otherNonOperatingIncome": "2000000",
            "depreciation": "None",
            "depreciationAndAmortization": "260000000",
            "incomeBeforeTax": "-179000000",
            "incomeTaxExpense": "60000000",
            "interestAndDebtExpense": "183000000",
            "netIncomeFromContinuingOperations": "-380000000",
            "comprehensiveIncomeNetOfTax": "-301000000",
            "ebit": "4000000",
            "ebitda": "264000000",
            "netIncome": "-239000000"
        },
        {
            "fiscalDateEnding": "2022-06-30",
            "reportedCurrency": "USD",
            "grossProfit": "548000000",
            "totalRevenue": "1045000000",
            "costOfRevenue": "497000000",
            "costofGoodsAndServicesSold": "602000000",
            "operatingIncome": "-147000000",
            "sellingGeneralAndAdministrative": "238000000",
            "researchAndDevelopment": "22000000",
            "operatingExpenses": "521000000",
            "investmentIncomeNet": "None",
            "netInterestIncome": "-162000000",
            "interestIncome": "14000000",
            "interestExpense": "162000000",
            "nonInterestIncome": "-9000000",
            "otherNonOperatingIncome": "-9000000",
            "depreciation": "None",
            "depreciationAndAmortization": "256000000",
            "incomeBeforeTax": "-180000000",
            "incomeTaxExpense": "110000000",
            "interestAndDebtExpense": "162000000",
            "netIncomeFromContinuingOperations": "-414000000",
            "comprehensiveIncomeNetOfTax": "-347000000",
            "ebit": "-18000000",
            "ebitda": "238000000",
            "netIncome": "-290000000"
        },
        {
            "fiscalDateEnding": "2022-03-31",
            "reportedCurrency": "USD",
            "grossProfit": "457000000",
            "totalRevenue": "943000000",
            "costOfRevenue": "486000000",
            "costofGoodsAndServicesSold": "616000000",
            "operatingIncome": "-302000000",
            "sellingGeneralAndAdministrative": "218000000",
            "researchAndDevelopment": "60000000",
            "operatingExpenses": "550000000",
            "investmentIncomeNet": "None",
            "netInterestIncome": "-156000000",
            "interestIncome": "4000000",
            "interestExpense": "156000000",
            "nonInterestIncome": "-22000000",
            "otherNonOperatingIncome": "-22000000",
            "depreciation": "None",
            "depreciationAndAmortization": "264000000",
            "incomeBeforeTax": "2532000000",
            "incomeTaxExpense": "2000000",
            "interestAndDebtExpense": "156000000",
            "netIncomeFromContinuingOperations": "-478000000",
            "comprehensiveIncomeNetOfTax": "2523000000",
            "ebit": "2688000000",
            "ebitda": "2952000000",
            "netIncome": "2530000000"
        },
        {
            "fiscalDateEnding": "2021-12-31",
            "reportedCurrency": "USD",
            "grossProfit": "1008000000",
            "totalRevenue": "1008000000",
            "costOfRevenue": "434000000",
            "costofGoodsAndServicesSold": "603000000",
            "operatingIncome": "-138000000",
            "sellingGeneralAndAdministrative": "164000000",
            "researchAndDevelopment": "50000000",
            "operatingExpenses": "478000000",
            "investmentIncomeNet": "None",
            "netInterestIncome": "-152000000",
            "interestIncome": "1000000",
            "interestExpense": "152000000",
            "nonInterestIncome": "-12000000",
            "otherNonOperatingIncome": "-12000000",
            "depreciation": "None",
            "depreciationAndAmortization": "266000000",
            "incomeBeforeTax": "-109000000",
            "incomeTaxExpense": "14000000",
            "interestAndDebtExpense": "152000000",
            "netIncomeFromContinuingOperations": "-315000000",
            "comprehensiveIncomeNetOfTax": "-113000000",
            "ebit": "43000000",
            "ebitda": "309000000",
            "netIncome": "-123000000"
        },
        {
            "fiscalDateEnding": "2021-09-30",
            "reportedCurrency": "USD",
            "grossProfit": "366000000",
            "totalRevenue": "857000000",
            "costOfRevenue": "491000000",
            "costofGoodsAndServicesSold": "584000000",
            "operatingIncome": "-316000000",
            "sellingGeneralAndAdministrative": "223000000",
            "researchAndDevelopment": "13000000",
            "operatingExpenses": "507000000",
            "investmentIncomeNet": "None",
            "netInterestIncome": "-157000000",
            "interestIncome": "1000000",
            "interestExpense": "157000000",
            "nonInterestIncome": "-16000000",
            "otherNonOperatingIncome": "-12000000",
            "depreciation": "None",
            "depreciationAndAmortization": "262000000",
            "incomeBeforeTax": "-395000000",
            "incomeTaxExpense": "-27000000",
            "interestAndDebtExpense": "157000000",
            "netIncomeFromContinuingOperations": "-594000000",
            "comprehensiveIncomeNetOfTax": "-394000000",
            "ebit": "-238000000",
            "ebitda": "24000000",
            "netIncome": "-368000000"
        },
        {
            "fiscalDateEnding": "2021-06-30",
            "reportedCurrency": "USD",
            "grossProfit": "692000000",
            "totalRevenue": "1173000000",
            "costOfRevenue": "481000000",
            "costofGoodsAndServicesSold": "711000000",
            "operatingIncome": "-139000000",
            "sellingGeneralAndAdministrative": "219000000",
            "researchAndDevelopment": "37000000",
            "operatingExpenses": "520000000",
            "investmentIncomeNet": "None",
            "netInterestIncome": "-158000000",
            "interestIncome": "157000000",
            "interestExpense": "158000000",
            "nonInterestIncome": "10000000",
            "otherNonOperatingIncome": "10000000",
            "depreciation": "None",
            "depreciationAndAmortization": "258000000",
            "incomeBeforeTax": "-198000000",
            "incomeTaxExpense": "-6000000",
            "interestAndDebtExpense": "158000000",
            "netIncomeFromContinuingOperations": "-280000000",
            "comprehensiveIncomeNetOfTax": "-187000000",
            "ebit": "-40000000",
            "ebitda": "218000000",
            "netIncome": "-192000000"
        },
        {
            "fiscalDateEnding": "2021-03-31",
            "reportedCurrency": "USD",
            "grossProfit": "711000000",
            "totalRevenue": "1196000000",
            "costOfRevenue": "485000000",
            "costofGoodsAndServicesSold": "728000000",
            "operatingIncome": "-96000000",
            "sellingGeneralAndAdministrative": "225000000",
            "researchAndDevelopment": "9000000",
            "operatingExpenses": "498000000",
            "investmentIncomeNet": "None",
            "netInterestIncome": "-154000000",
            "interestIncome": "153000000",
            "interestExpense": "154000000",
            "nonInterestIncome": "-16000000",
            "otherNonOperatingIncome": "-17000000",
            "depreciation": "None",
            "depreciationAndAmortization": "255000000",
            "incomeBeforeTax": "-264000000",
            "incomeTaxExpense": "14000000",
            "interestAndDebtExpense": "154000000",
            "netIncomeFromContinuingOperations": "-280000000",
            "comprehensiveIncomeNetOfTax": "-318000000",
            "ebit": "-110000000",
            "ebitda": "145000000",
            "netIncome": "-278000000"
        },
        {
            "fiscalDateEnding": "2020-12-31",
            "reportedCurrency": "USD",
            "grossProfit": "1146000000",
            "totalRevenue": "1015000000",
            "costOfRevenue": "547000000",
            "costofGoodsAndServicesSold": "722000000",
            "operatingIncome": "-119000000",
            "sellingGeneralAndAdministrative": "183000000",
            "researchAndDevelopment": "0",
            "operatingExpenses": "586000000",
            "investmentIncomeNet": "None",
            "netInterestIncome": "-150000000",
            "interestIncome": "-3000000",
            "interestExpense": "147000000",
            "nonInterestIncome": "-9000000",
            "otherNonOperatingIncome": "-10000000",
            "depreciation": "None",
            "depreciationAndAmortization": "252000000",
            "incomeBeforeTax": "-271000000",
            "incomeTaxExpense": "28000000",
            "interestAndDebtExpense": "150000000",
            "netIncomeFromContinuingOperations": "-211000000",
            "comprehensiveIncomeNetOfTax": "-232000000",
            "ebit": "-124000000",
            "ebitda": "128000000",
            "netIncome": "-299000000"
        },
        {
            "fiscalDateEnding": "2020-09-30",
            "reportedCurrency": "USD",
            "grossProfit": "26000000",
            "totalRevenue": "446000000",
            "costOfRevenue": "560000000",
            "costofGoodsAndServicesSold": "503000000",
            "operatingIncome": "-523000000",
            "sellingGeneralAndAdministrative": "196000000",
            "researchAndDevelopment": "3000000",
            "operatingExpenses": "588000000",
            "investmentIncomeNet": "None",
            "netInterestIncome": "-137000000",
            "interestIncome": "-3000000",
            "interestExpense": "134000000",
            "nonInterestIncome": "-5000000",
            "otherNonOperatingIncome": "-5000000",
            "depreciation": "None",
            "depreciationAndAmortization": "248000000",
            "incomeBeforeTax": "-560000000",
            "incomeTaxExpense": "5000000",
            "interestAndDebtExpense": "137000000",
            "netIncomeFromContinuingOperations": "-731000000",
            "comprehensiveIncomeNetOfTax": "-529000000",
            "ebit": "-426000000",
            "ebitda": "-178000000",
            "netIncome": "-565000000"
        },
        {
            "fiscalDateEnding": "2020-06-30",
            "reportedCurrency": "USD",
            "grossProfit": "-453000000",
            "totalRevenue": "62000000",
            "costOfRevenue": "551000000",
            "costofGoodsAndServicesSold": "372000000",
            "operatingIncome": "-757000000",
            "sellingGeneralAndAdministrative": "190000000",
            "researchAndDevelopment": "9000000",
            "operatingExpenses": "577000000",
            "investmentIncomeNet": "None",
            "netInterestIncome": "-118000000",
            "interestIncome": "-4000000",
            "interestExpense": "114000000",
            "nonInterestIncome": "-5000000",
            "otherNonOperatingIncome": "-5000000",
            "depreciation": "None",
            "depreciationAndAmortization": "244000000",
            "incomeBeforeTax": "-851000000",
            "incomeTaxExpense": "-31000000",
            "interestAndDebtExpense": "118000000",
            "netIncomeFromContinuingOperations": "-985000000",
            "comprehensiveIncomeNetOfTax": "-775000000",
            "ebit": "-737000000",
            "ebitda": "-493000000",
            "netIncome": "-820000000"
        },
        {
            "fiscalDateEnding": "2020-03-31",
            "reportedCurrency": "USD",
            "grossProfit": "1168000000",
            "totalRevenue": "1417000000",
            "costOfRevenue": "614000000",
            "costofGoodsAndServicesSold": "1011000000",
            "operatingIncome": "6000000",
            "sellingGeneralAndAdministrative": "229000000",
            "researchAndDevelopment": "6000000",
            "operatingExpenses": "638000000",
            "investmentIncomeNet": "None",
            "netInterestIncome": "-131000000",
            "interestIncome": "-3000000",
            "interestExpense": "128000000",
            "nonInterestIncome": "39000000",
            "otherNonOperatingIncome": "39000000",
            "depreciation": "None",
            "depreciationAndAmortization": "253000000",
            "incomeBeforeTax": "21000000",
            "incomeTaxExpense": "22000000",
            "interestAndDebtExpense": "131000000",
            "netIncomeFromContinuingOperations": "-51000000",
            "comprehensiveIncomeNetOfTax": "-117000000",
            "ebit": "149000000",
            "ebitda": "402000000",
            "netIncome": "-1000000"
        },
        {
            "fiscalDateEnding": "2019-12-31",
            "reportedCurrency": "USD",
            "grossProfit": "3509000000",
            "totalRevenue": "3509000000",
            "costOfRevenue": "695000000",
            "costofGoodsAndServicesSold": "1717000000",
            "operatingIncome": "934000000",
            "sellingGeneralAndAdministrative": "9000000",
            "researchAndDevelopment": "11000000",
            "operatingExpenses": "721000000",
            "investmentIncomeNet": "None",
            "netInterestIncome": "-134000000",
            "interestIncome": "-106000000",
            "interestExpense": "28000000",
            "nonInterestIncome": "30000000",
            "otherNonOperatingIncome": "64000000",
            "depreciation": "None",
            "depreciationAndAmortization": "146000000",
            "incomeBeforeTax": "658000000",
            "incomeTaxExpense": "29000000",
            "interestAndDebtExpense": "134000000",
            "netIncomeFromContinuingOperations": "934000000",
            "comprehensiveIncomeNetOfTax": "700000000",
            "ebit": "686000000",
            "ebitda": "832000000",
            "netIncome": "629000000"
        },
        {
            "fiscalDateEnding": "2019-09-30",
            "reportedCurrency": "USD",
            "grossProfit": "2593000000",
            "totalRevenue": "3250000000",
            "costOfRevenue": "657000000",
            "costofGoodsAndServicesSold": "1602000000",
            "operatingIncome": "899000000",
            "sellingGeneralAndAdministrative": "364000000",
            "researchAndDevelopment": "4000000",
            "operatingExpenses": "665000000",
            "investmentIncomeNet": "None",
            "netInterestIncome": "-137000000",
            "interestIncome": "20000000",
            "interestExpense": "137000000",
            "nonInterestIncome": "-11000000",
            "otherNonOperatingIncome": "-7000000",
            "depreciation": "None",
            "depreciationAndAmortization": "284000000",
            "incomeBeforeTax": "615000000",
            "incomeTaxExpense": "82000000",
            "interestAndDebtExpense": "137000000",
            "netIncomeFromContinuingOperations": "669000000",
            "comprehensiveIncomeNetOfTax": "478000000",
            "ebit": "752000000",
            "ebitda": "1036000000",
            "netIncome": "533000000"
        },
        {
            "fiscalDateEnding": "2019-06-30",
            "reportedCurrency": "USD",
            "grossProfit": "2659000000",
            "totalRevenue": "3334000000",
            "costOfRevenue": "675000000",
            "costofGoodsAndServicesSold": "1689000000",
            "operatingIncome": "894000000",
            "sellingGeneralAndAdministrative": "376000000",
            "researchAndDevelopment": "4000000",
            "operatingExpenses": "686000000",
            "investmentIncomeNet": "None",
            "netInterestIncome": "-143000000",
            "interestIncome": "17000000",
            "interestExpense": "143000000",
            "nonInterestIncome": "24000000",
            "otherNonOperatingIncome": "20000000",
            "depreciation": "None",
            "depreciationAndAmortization": "289000000",
            "incomeBeforeTax": "1190000000",
            "incomeTaxExpense": "236000000",
            "interestAndDebtExpense": "143000000",
            "netIncomeFromContinuingOperations": "1108000000",
            "comprehensiveIncomeNetOfTax": "967000000",
            "ebit": "1333000000",
            "ebitda": "1622000000",
            "netIncome": "954000000"
        },
        {
            "fiscalDateEnding": "2019-03-31",
            "reportedCurrency": "USD",
            "grossProfit": "2972000000",
            "totalRevenue": "3646000000",
            "costOfRevenue": "674000000",
            "costofGoodsAndServicesSold": "1824000000",
            "operatingIncome": "971000000",
            "sellingGeneralAndAdministrative": "369000000",
            "researchAndDevelopment": "5000000",
            "operatingExpenses": "683000000",
            "investmentIncomeNet": "None",
            "netInterestIncome": "-141000000",
            "interestIncome": "20000000",
            "interestExpense": "141000000",
            "nonInterestIncome": "-22000000",
            "otherNonOperatingIncome": "-21000000",
            "depreciation": "None",
            "depreciationAndAmortization": "301000000",
            "incomeBeforeTax": "667000000",
            "incomeTaxExpense": "85000000",
            "interestAndDebtExpense": "141000000",
            "netIncomeFromContinuingOperations": "744000000",
            "comprehensiveIncomeNetOfTax": "590000000",
            "ebit": "808000000",
            "ebitda": "1109000000",
            "netIncome": "582000000"
        },
        {
            "fiscalDateEnding": "2018-12-31",
            "reportedCurrency": "USD",
            "grossProfit": "3475000000",
            "totalRevenue": "3475000000",
            "costOfRevenue": "694000000",
            "costofGoodsAndServicesSold": "1792000000",
            "operatingIncome": "874000000",
            "sellingGeneralAndAdministrative": "404000000",
            "researchAndDevelopment": "3000000",
            "operatingExpenses": "706000000",
            "investmentIncomeNet": "None",
            "netInterestIncome": "-138000000",
            "interestIncome": "None",
            "interestExpense": "138000000",
            "nonInterestIncome": "77000000",
            "otherNonOperatingIncome": "-8000000",
            "depreciation": "None",
            "depreciationAndAmortization": "289000000",
            "incomeBeforeTax": "612000000",
            "incomeTaxExpense": "782000000",
            "interestAndDebtExpense": "138000000",
            "netIncomeFromContinuingOperations": "874000000",
            "comprehensiveIncomeNetOfTax": "-174000000",
            "ebit": "750000000",
            "ebitda": "1039000000",
            "netIncome": "-170000000"
        },
        {
            "fiscalDateEnding": "2018-09-30",
            "reportedCurrency": "USD",
            "grossProfit": "2720000000",
            "totalRevenue": "3372000000",
            "costOfRevenue": "652000000",
            "costofGoodsAndServicesSold": "1722000000",
            "operatingIncome": "922000000",
            "sellingGeneralAndAdministrative": "366000000",
            "researchAndDevelopment": "4000000",
            "operatingExpenses": "661000000",
            "investmentIncomeNet": "None",
            "netInterestIncome": "-126000000",
            "interestIncome": "None",
            "interestExpense": "126000000",
            "nonInterestIncome": "1000000",
            "otherNonOperatingIncome": "16000000",
            "depreciation": "None",
            "depreciationAndAmortization": "284000000",
            "incomeBeforeTax": "654000000",
            "incomeTaxExpense": "83000000",
            "interestAndDebtExpense": "126000000",
            "netIncomeFromContinuingOperations": "699000000",
            "comprehensiveIncomeNetOfTax": "579000000",
            "ebit": "780000000",
            "ebitda": "1064000000",
            "netIncome": "571000000"
        },
        {
            "fiscalDateEnding": "2018-06-30",
            "reportedCurrency": "USD",
            "grossProfit": "2659000000",
            "totalRevenue": "3303000000",
            "costOfRevenue": "644000000",
            "costofGoodsAndServicesSold": "1706000000",
            "operatingIncome": "797000000",
            "sellingGeneralAndAdministrative": "368000000",
            "researchAndDevelopment": "2000000",
            "operatingExpenses": "653000000",
            "investmentIncomeNet": "None",
            "netInterestIncome": "-93000000",
            "interestIncome": "None",
            "interestExpense": "93000000",
            "nonInterestIncome": "51000000",
            "otherNonOperatingIncome": "44000000",
            "depreciation": "None",
            "depreciationAndAmortization": "274000000",
            "incomeBeforeTax": "637000000",
            "incomeTaxExpense": "81000000",
            "interestAndDebtExpense": "93000000",
            "netIncomeFromContinuingOperations": "676000000",
            "comprehensiveIncomeNetOfTax": "465000000",
            "ebit": "730000000",
            "ebitda": "1004000000",
            "netIncome": "556000000"
        },
        {
            "fiscalDateEnding": "2018-03-31",
            "reportedCurrency": "USD",
            "grossProfit": "1212000000",
            "totalRevenue": "3579000000",
            "costOfRevenue": "2263000000",
            "costofGoodsAndServicesSold": "1653000000",
            "operatingIncome": "1158000000",
            "sellingGeneralAndAdministrative": "345000000",
            "researchAndDevelopment": "3000000",
            "operatingExpenses": "597000000",
            "investmentIncomeNet": "None",
            "netInterestIncome": "-89000000",
            "interestIncome": "None",
            "interestExpense": "89000000",
            "nonInterestIncome": "-15000000",
            "otherNonOperatingIncome": "-26000000",
            "depreciation": "None",
            "depreciationAndAmortization": "264000000",
            "incomeBeforeTax": "885000000",
            "incomeTaxExpense": "-571000000",
            "interestAndDebtExpense": "92000000",
            "netIncomeFromContinuingOperations": "1616000000",
            "comprehensiveIncomeNetOfTax": "1489000000",
            "ebit": "974000000",
            "ebitda": "1238000000",
            "netIncome": "1456000000"
        }
    ]
}