{
    "symbol": "LYB",
    "annualReports": [
        {
            "fiscalDateEnding": "2022-12-31",
            "reportedCurrency": "USD",
            "grossProfit": "6604000000",
            "totalRevenue": "50451000000",
            "costOfRevenue": "43847000000",
            "costofGoodsAndServicesSold": "43847000000",
            "operatingIncome": "5101000000",
            "sellingGeneralAndAdministrative": "1310000000",
            "researchAndDevelopment": "124000000",
            "operatingExpenses": "1506000000",
            "investmentIncomeNet": "29000000",
            "netInterestIncome": "-287000000",
            "interestIncome": "29000000",
            "interestExpense": "287000000",
            "nonInterestIncome": "49425000000",
            "otherNonOperatingIncome": "-72000000",
            "depreciation": "None",
            "depreciationAndAmortization": "1267000000",
            "incomeBeforeTax": "4771000000",
            "incomeTaxExpense": "882000000",
            "interestAndDebtExpense": "287000000",
            "netIncomeFromContinuingOperations": "3894000000",
            "comprehensiveIncomeNetOfTax": "4313000000",
            "ebit": "5101000000",
            "ebitda": "6318000000",
            "netIncome": "3889000000"
        },
        {
            "fiscalDateEnding": "2021-12-31",
            "reportedCurrency": "USD",
            "grossProfit": "8776000000",
            "totalRevenue": "46173000000",
            "costOfRevenue": "37397000000",
            "costofGoodsAndServicesSold": "37397000000",
            "operatingIncome": "6773000000",
            "sellingGeneralAndAdministrative": "1255000000",
            "researchAndDevelopment": "124000000",
            "operatingExpenses": "2005000000",
            "investmentIncomeNet": "9000000",
            "netInterestIncome": "-519000000",
            "interestIncome": "51000000",
            "interestExpense": "519000000",
            "nonInterestIncome": "45133000000",
            "otherNonOperatingIncome": "62000000",
            "depreciation": "None",
            "depreciationAndAmortization": "1393000000",
            "incomeBeforeTax": "6780000000",
            "incomeTaxExpense": "1163000000",
            "interestAndDebtExpense": "519000000",
            "netIncomeFromContinuingOperations": "5623000000",
            "comprehensiveIncomeNetOfTax": "5750000000",
            "ebit": "6773000000",
            "ebitda": "8671000000",
            "netIncome": "5617000000"
        },
        {
            "fiscalDateEnding": "2020-12-31",
            "reportedCurrency": "USD",
            "grossProfit": "3394000000",
            "totalRevenue": "27753000000",
            "costOfRevenue": "24359000000",
            "costofGoodsAndServicesSold": "16000000",
            "operatingIncome": "1559000000",
            "sellingGeneralAndAdministrative": "1140000000",
            "researchAndDevelopment": "113000000",
            "operatingExpenses": "1839000000",
            "investmentIncomeNet": "12000000",
            "netInterestIncome": "-526000000",
            "interestIncome": "12000000",
            "interestExpense": "526000000",
            "nonInterestIncome": "26988000000",
            "otherNonOperatingIncome": "85000000",
            "depreciation": "None",
            "depreciationAndAmortization": "1385000000",
            "incomeBeforeTax": "1384000000",
            "incomeTaxExpense": "-43000000",
            "interestAndDebtExpense": "526000000",
            "netIncomeFromContinuingOperations": "1429000000",
            "comprehensiveIncomeNetOfTax": "1261000000",
            "ebit": "1559000000",
            "ebitda": "3288000000",
            "netIncome": "1427000000"
        },
        {
            "fiscalDateEnding": "2019-12-31",
            "reportedCurrency": "USD",
            "grossProfit": "5426000000",
            "totalRevenue": "34727000000",
            "costOfRevenue": "29301000000",
            "costofGoodsAndServicesSold": "33000000",
            "operatingIncome": "4116000000",
            "sellingGeneralAndAdministrative": "1199000000",
            "researchAndDevelopment": "111000000",
            "operatingExpenses": "1311000000",
            "investmentIncomeNet": "19000000",
            "netInterestIncome": "-347000000",
            "interestIncome": "19000000",
            "interestExpense": "347000000",
            "nonInterestIncome": "33917000000",
            "otherNonOperatingIncome": "39000000",
            "depreciation": "None",
            "depreciationAndAmortization": "1312000000",
            "incomeBeforeTax": "4045000000",
            "incomeTaxExpense": "648000000",
            "interestAndDebtExpense": "347000000",
            "netIncomeFromContinuingOperations": "3404000000",
            "comprehensiveIncomeNetOfTax": "2969000000",
            "ebit": "4392000000",
            "ebitda": "5697000000",
            "netIncome": "3397000000"
        },
        {
            "fiscalDateEnding": "2018-12-31",
            "reportedCurrency": "USD",
            "grossProfit": "6475000000",
            "totalRevenue": "39004000000",
            "costOfRevenue": "32529000000",
            "costofGoodsAndServicesSold": "32529000000",
            "operatingIncome": "5231000000",
            "sellingGeneralAndAdministrative": "1129000000",
            "researchAndDevelopment": "115000000",
            "operatingExpenses": "1246000000",
            "investmentIncomeNet": "45000000",
            "netInterestIncome": "-360000000",
            "interestIncome": "45000000",
            "interestExpense": "360000000",
            "nonInterestIncome": "38155000000",
            "otherNonOperatingIncome": "106000000",
            "depreciation": "None",
            "depreciationAndAmortization": "1241000000",
            "incomeBeforeTax": "5303000000",
            "incomeTaxExpense": "613000000",
            "interestAndDebtExpense": "360000000",
            "netIncomeFromContinuingOperations": "4698000000",
            "comprehensiveIncomeNetOfTax": "4680000000",
            "ebit": "5663000000",
            "ebitda": "6904000000",
            "netIncome": "4690000000"
        }
    ],
    "quarterlyReports": [
        {
            "fiscalDateEnding": "2022-12-31",
            "reportedCurrency": "USD",
            "grossProfit": "850000000",
            "totalRevenue": "10206000000",
            "costOfRevenue": "9356000000",
            "costofGoodsAndServicesSold": "9356000000",
            "operatingIncome": "487000000",
            "sellingGeneralAndAdministrative": "334000000",
            "researchAndDevelopment": "29000000",
            "operatingExpenses": "366000000",
            "investmentIncomeNet": "16000000",
            "netInterestIncome": "-85000000",
            "interestIncome": "16000000",
            "interestExpense": "85000000",
            "nonInterestIncome": "9982000000",
            "otherNonOperatingIncome": "-9000000",
            "depreciation": "None",
            "depreciationAndAmortization": "334000000",
            "incomeBeforeTax": "387000000",
            "incomeTaxExpense": "34000000",
            "interestAndDebtExpense": "85000000",
            "netIncomeFromContinuingOperations": "355000000",
            "comprehensiveIncomeNetOfTax": "790000000",
            "ebit": "487000000",
            "ebitda": "804000000",
            "netIncome": "353000000"
        },
        {
            "fiscalDateEnding": "2022-09-30",
            "reportedCurrency": "USD",
            "grossProfit": "1162000000",
            "totalRevenue": "12250000000",
            "costOfRevenue": "11088000000",
            "costofGoodsAndServicesSold": "11088000000",
            "operatingIncome": "812000000",
            "sellingGeneralAndAdministrative": "319000000",
            "researchAndDevelopment": "31000000",
            "operatingExpenses": "350000000",
            "investmentIncomeNet": "7000000",
            "netInterestIncome": "-70000000",
            "interestIncome": "7000000",
            "interestExpense": "70000000",
            "nonInterestIncome": "12044000000",
            "otherNonOperatingIncome": "4000000",
            "depreciation": "None",
            "depreciationAndAmortization": "318000000",
            "incomeBeforeTax": "726000000",
            "incomeTaxExpense": "154000000",
            "interestAndDebtExpense": "70000000",
            "netIncomeFromContinuingOperations": "573000000",
            "comprehensiveIncomeNetOfTax": "475000000",
            "ebit": "812000000",
            "ebitda": "1112000000",
            "netIncome": "572000000"
        },
        {
            "fiscalDateEnding": "2022-06-30",
            "reportedCurrency": "USD",
            "grossProfit": "2571000000",
            "totalRevenue": "14838000000",
            "costOfRevenue": "12267000000",
            "costofGoodsAndServicesSold": "12267000000",
            "operatingIncome": "2141000000",
            "sellingGeneralAndAdministrative": "329000000",
            "researchAndDevelopment": "32000000",
            "operatingExpenses": "430000000",
            "investmentIncomeNet": "4000000",
            "netInterestIncome": "-58000000",
            "interestIncome": "4000000",
            "interestExpense": "58000000",
            "nonInterestIncome": "14559000000",
            "otherNonOperatingIncome": "-86000000",
            "depreciation": "None",
            "depreciationAndAmortization": "304000000",
            "incomeBeforeTax": "2022000000",
            "incomeTaxExpense": "378000000",
            "interestAndDebtExpense": "58000000",
            "netIncomeFromContinuingOperations": "1645000000",
            "comprehensiveIncomeNetOfTax": "1662000000",
            "ebit": "2141000000",
            "ebitda": "2383000000",
            "netIncome": "1644000000"
        },
        {
            "fiscalDateEnding": "2022-03-31",
            "reportedCurrency": "USD",
            "grossProfit": "2021000000",
            "totalRevenue": "13157000000",
            "costOfRevenue": "11136000000",
            "costofGoodsAndServicesSold": "11136000000",
            "operatingIncome": "1661000000",
            "sellingGeneralAndAdministrative": "328000000",
            "researchAndDevelopment": "32000000",
            "operatingExpenses": "360000000",
            "investmentIncomeNet": "2000000",
            "netInterestIncome": "-74000000",
            "interestIncome": "2000000",
            "interestExpense": "74000000",
            "nonInterestIncome": "12840000000",
            "otherNonOperatingIncome": "19000000",
            "depreciation": "None",
            "depreciationAndAmortization": "311000000",
            "incomeBeforeTax": "1636000000",
            "incomeTaxExpense": "316000000",
            "interestAndDebtExpense": "74000000",
            "netIncomeFromContinuingOperations": "1321000000",
            "comprehensiveIncomeNetOfTax": "1386000000",
            "ebit": "1661000000",
            "ebitda": "2019000000",
            "netIncome": "1320000000"
        },
        {
            "fiscalDateEnding": "2021-12-31",
            "reportedCurrency": "USD",
            "grossProfit": "1896000000",
            "totalRevenue": "12830000000",
            "costOfRevenue": "10934000000",
            "costofGoodsAndServicesSold": "10934000000",
            "operatingIncome": "911000000",
            "sellingGeneralAndAdministrative": "328000000",
            "researchAndDevelopment": "33000000",
            "operatingExpenses": "987000000",
            "investmentIncomeNet": "1000000",
            "netInterestIncome": "-153000000",
            "interestIncome": "84000000",
            "interestExpense": "153000000",
            "nonInterestIncome": "12545000000",
            "otherNonOperatingIncome": "35000000",
            "depreciation": "None",
            "depreciationAndAmortization": "377000000",
            "incomeBeforeTax": "861000000",
            "incomeTaxExpense": "135000000",
            "interestAndDebtExpense": "153000000",
            "netIncomeFromContinuingOperations": "731000000",
            "comprehensiveIncomeNetOfTax": "804000000",
            "ebit": "911000000",
            "ebitda": "1375000000",
            "netIncome": "726000000"
        },
        {
            "fiscalDateEnding": "2021-09-30",
            "reportedCurrency": "USD",
            "grossProfit": "2591000000",
            "totalRevenue": "12700000000",
            "costOfRevenue": "10109000000",
            "costofGoodsAndServicesSold": "10109000000",
            "operatingIncome": "2248000000",
            "sellingGeneralAndAdministrative": "313000000",
            "researchAndDevelopment": "30000000",
            "operatingExpenses": "343000000",
            "investmentIncomeNet": "1000000",
            "netInterestIncome": "-126000000",
            "interestIncome": "1000000",
            "interestExpense": "126000000",
            "nonInterestIncome": "12405000000",
            "otherNonOperatingIncome": "-12000000",
            "depreciation": "None",
            "depreciationAndAmortization": "351000000",
            "incomeBeforeTax": "2214000000",
            "incomeTaxExpense": "452000000",
            "interestAndDebtExpense": "126000000",
            "netIncomeFromContinuingOperations": "1763000000",
            "comprehensiveIncomeNetOfTax": "1726000000",
            "ebit": "2248000000",
            "ebitda": "2689000000",
            "netIncome": "1762000000"
        },
        {
            "fiscalDateEnding": "2021-06-30",
            "reportedCurrency": "USD",
            "grossProfit": "2885000000",
            "totalRevenue": "11561000000",
            "costOfRevenue": "8676000000",
            "costofGoodsAndServicesSold": "8676000000",
            "operatingIncome": "2526000000",
            "sellingGeneralAndAdministrative": "327000000",
            "researchAndDevelopment": "32000000",
            "operatingExpenses": "359000000",
            "investmentIncomeNet": "5000000",
            "netInterestIncome": "-130000000",
            "interestIncome": "5000000",
            "interestExpense": "130000000",
            "nonInterestIncome": "11329000000",
            "otherNonOperatingIncome": "14000000",
            "depreciation": "None",
            "depreciationAndAmortization": "330000000",
            "incomeBeforeTax": "2565000000",
            "incomeTaxExpense": "506000000",
            "interestAndDebtExpense": "130000000",
            "netIncomeFromContinuingOperations": "2057000000",
            "comprehensiveIncomeNetOfTax": "2073000000",
            "ebit": "2526000000",
            "ebitda": "3024000000",
            "netIncome": "2059000000"
        },
        {
            "fiscalDateEnding": "2021-03-31",
            "reportedCurrency": "USD",
            "grossProfit": "1404000000",
            "totalRevenue": "9082000000",
            "costOfRevenue": "7678000000",
            "costofGoodsAndServicesSold": "7678000000",
            "operatingIncome": "1088000000",
            "sellingGeneralAndAdministrative": "287000000",
            "researchAndDevelopment": "29000000",
            "operatingExpenses": "316000000",
            "investmentIncomeNet": "2000000",
            "netInterestIncome": "-110000000",
            "interestIncome": "2000000",
            "interestExpense": "110000000",
            "nonInterestIncome": "8854000000",
            "otherNonOperatingIncome": "25000000",
            "depreciation": "None",
            "depreciationAndAmortization": "335000000",
            "incomeBeforeTax": "1140000000",
            "incomeTaxExpense": "70000000",
            "interestAndDebtExpense": "110000000",
            "netIncomeFromContinuingOperations": "1072000000",
            "comprehensiveIncomeNetOfTax": "1147000000",
            "ebit": "1088000000",
            "ebitda": "1583000000",
            "netIncome": "1070000000"
        },
        {
            "fiscalDateEnding": "2020-12-31",
            "reportedCurrency": "USD",
            "grossProfit": "1225000000",
            "totalRevenue": "7937000000",
            "costOfRevenue": "6712000000",
            "costofGoodsAndServicesSold": "-147000000",
            "operatingIncome": "893000000",
            "sellingGeneralAndAdministrative": "298000000",
            "researchAndDevelopment": "34000000",
            "operatingExpenses": "336000000",
            "investmentIncomeNet": "2000000",
            "netInterestIncome": "-190000000",
            "interestIncome": "2000000",
            "interestExpense": "190000000",
            "nonInterestIncome": "-69000000",
            "otherNonOperatingIncome": "58000000",
            "depreciation": "None",
            "depreciationAndAmortization": "329000000",
            "incomeBeforeTax": "894000000",
            "incomeTaxExpense": "39000000",
            "interestAndDebtExpense": "69000000",
            "netIncomeFromContinuingOperations": "857000000",
            "comprehensiveIncomeNetOfTax": "998000000",
            "ebit": "893000000",
            "ebitda": "1411000000",
            "netIncome": "855000000"
        },
        {
            "fiscalDateEnding": "2020-09-30",
            "reportedCurrency": "USD",
            "grossProfit": "891000000",
            "totalRevenue": "6776000000",
            "costOfRevenue": "5885000000",
            "costofGoodsAndServicesSold": "-160000000",
            "operatingIncome": "23000000",
            "sellingGeneralAndAdministrative": "259000000",
            "researchAndDevelopment": "27000000",
            "operatingExpenses": "868000000",
            "investmentIncomeNet": "3000000",
            "netInterestIncome": "-122000000",
            "interestIncome": "54000000",
            "interestExpense": "122000000",
            "nonInterestIncome": "6590000000",
            "otherNonOperatingIncome": "23000000",
            "depreciation": "None",
            "depreciationAndAmortization": "358000000",
            "incomeBeforeTax": "-11000000",
            "incomeTaxExpense": "-125000000",
            "interestAndDebtExpense": "122000000",
            "netIncomeFromContinuingOperations": "114000000",
            "comprehensiveIncomeNetOfTax": "283000000",
            "ebit": "23000000",
            "ebitda": "467000000",
            "netIncome": "114000000"
        },
        {
            "fiscalDateEnding": "2020-06-30",
            "reportedCurrency": "USD",
            "grossProfit": "652000000",
            "totalRevenue": "5546000000",
            "costOfRevenue": "4894000000",
            "costofGoodsAndServicesSold": "-96000000",
            "operatingIncome": "339000000",
            "sellingGeneralAndAdministrative": "288000000",
            "researchAndDevelopment": "25000000",
            "operatingExpenses": "313000000",
            "investmentIncomeNet": "4000000",
            "netInterestIncome": "-125000000",
            "interestIncome": "4000000",
            "interestExpense": "125000000",
            "nonInterestIncome": "5371000000",
            "otherNonOperatingIncome": "4000000",
            "depreciation": "None",
            "depreciationAndAmortization": "356000000",
            "incomeBeforeTax": "282000000",
            "incomeTaxExpense": "-32000000",
            "interestAndDebtExpense": "125000000",
            "netIncomeFromContinuingOperations": "315000000",
            "comprehensiveIncomeNetOfTax": "367000000",
            "ebit": "339000000",
            "ebitda": "762000000",
            "netIncome": "314000000"
        },
        {
            "fiscalDateEnding": "2020-03-31",
            "reportedCurrency": "USD",
            "grossProfit": "626000000",
            "totalRevenue": "7494000000",
            "costOfRevenue": "6868000000",
            "costofGoodsAndServicesSold": "419000000",
            "operatingIncome": "304000000",
            "sellingGeneralAndAdministrative": "295000000",
            "researchAndDevelopment": "27000000",
            "operatingExpenses": "322000000",
            "investmentIncomeNet": "3000000",
            "netInterestIncome": "-89000000",
            "interestIncome": "3000000",
            "interestExpense": "89000000",
            "nonInterestIncome": "7296000000",
            "otherNonOperatingIncome": "0",
            "depreciation": "None",
            "depreciationAndAmortization": "342000000",
            "incomeBeforeTax": "219000000",
            "incomeTaxExpense": "75000000",
            "interestAndDebtExpense": "89000000",
            "netIncomeFromContinuingOperations": "143000000",
            "comprehensiveIncomeNetOfTax": "-387000000",
            "ebit": "304000000",
            "ebitda": "648000000",
            "netIncome": "144000000"
        },
        {
            "fiscalDateEnding": "2019-12-31",
            "reportedCurrency": "USD",
            "grossProfit": "1135000000",
            "totalRevenue": "8179000000",
            "costOfRevenue": "7044000000",
            "costofGoodsAndServicesSold": "33000000",
            "operatingIncome": "798000000",
            "sellingGeneralAndAdministrative": "307000000",
            "researchAndDevelopment": "30000000",
            "operatingExpenses": "38000000",
            "investmentIncomeNet": "3000000",
            "netInterestIncome": "-88000000",
            "interestIncome": "3000000",
            "interestExpense": "88000000",
            "nonInterestIncome": "7972000000",
            "otherNonOperatingIncome": "-7000000",
            "depreciation": "None",
            "depreciationAndAmortization": "335000000",
            "incomeBeforeTax": "752000000",
            "incomeTaxExpense": "140000000",
            "interestAndDebtExpense": "88000000",
            "netIncomeFromContinuingOperations": "612000000",
            "comprehensiveIncomeNetOfTax": "509000000",
            "ebit": "798000000",
            "ebitda": "1168000000",
            "netIncome": "612000000"
        },
        {
            "fiscalDateEnding": "2019-09-30",
            "reportedCurrency": "USD",
            "grossProfit": "1453000000",
            "totalRevenue": "8722000000",
            "costOfRevenue": "7269000000",
            "costofGoodsAndServicesSold": "7269000000",
            "operatingIncome": "1124000000",
            "sellingGeneralAndAdministrative": "303000000",
            "researchAndDevelopment": "26000000",
            "operatingExpenses": "329000000",
            "investmentIncomeNet": "5000000",
            "netInterestIncome": "-86000000",
            "interestIncome": "5000000",
            "interestExpense": "86000000",
            "nonInterestIncome": "8529000000",
            "otherNonOperatingIncome": "11000000",
            "depreciation": "None",
            "depreciationAndAmortization": "327000000",
            "incomeBeforeTax": "1101000000",
            "incomeTaxExpense": "136000000",
            "interestAndDebtExpense": "86000000",
            "netIncomeFromContinuingOperations": "969000000",
            "comprehensiveIncomeNetOfTax": "742000000",
            "ebit": "1124000000",
            "ebitda": "1514000000",
            "netIncome": "965000000"
        },
        {
            "fiscalDateEnding": "2019-06-30",
            "reportedCurrency": "USD",
            "grossProfit": "1506000000",
            "totalRevenue": "9048000000",
            "costOfRevenue": "7542000000",
            "costofGoodsAndServicesSold": "7542000000",
            "operatingIncome": "1177000000",
            "sellingGeneralAndAdministrative": "302000000",
            "researchAndDevelopment": "27000000",
            "operatingExpenses": "329000000",
            "investmentIncomeNet": "5000000",
            "netInterestIncome": "-81000000",
            "interestIncome": "5000000",
            "interestExpense": "81000000",
            "nonInterestIncome": "8839000000",
            "otherNonOperatingIncome": "10000000",
            "depreciation": "None",
            "depreciationAndAmortization": "328000000",
            "incomeBeforeTax": "1172000000",
            "incomeTaxExpense": "169000000",
            "interestAndDebtExpense": "81000000",
            "netIncomeFromContinuingOperations": "1006000000",
            "comprehensiveIncomeNetOfTax": "958000000",
            "ebit": "1177000000",
            "ebitda": "1581000000",
            "netIncome": "1003000000"
        },
        {
            "fiscalDateEnding": "2019-03-31",
            "reportedCurrency": "USD",
            "grossProfit": "1332000000",
            "totalRevenue": "8778000000",
            "costOfRevenue": "7446000000",
            "costofGoodsAndServicesSold": "7446000000",
            "operatingIncome": "1017000000",
            "sellingGeneralAndAdministrative": "287000000",
            "researchAndDevelopment": "28000000",
            "operatingExpenses": "315000000",
            "investmentIncomeNet": "6000000",
            "netInterestIncome": "-92000000",
            "interestIncome": "25000000",
            "interestExpense": "92000000",
            "nonInterestIncome": "8577000000",
            "otherNonOperatingIncome": "25000000",
            "depreciation": "None",
            "depreciationAndAmortization": "322000000",
            "incomeBeforeTax": "1020000000",
            "incomeTaxExpense": "203000000",
            "interestAndDebtExpense": "92000000",
            "netIncomeFromContinuingOperations": "817000000",
            "comprehensiveIncomeNetOfTax": "760000000",
            "ebit": "1112000000",
            "ebitda": "1434000000",
            "netIncome": "817000000"
        },
        {
            "fiscalDateEnding": "2018-12-31",
            "reportedCurrency": "USD",
            "grossProfit": "1148000000",
            "totalRevenue": "8876000000",
            "costOfRevenue": "7728000000",
            "costofGoodsAndServicesSold": "7728000000",
            "operatingIncome": "794000000",
            "sellingGeneralAndAdministrative": "326000000",
            "researchAndDevelopment": "28000000",
            "operatingExpenses": "-16000000",
            "investmentIncomeNet": "5000000",
            "netInterestIncome": "-88000000",
            "interestIncome": "None",
            "interestExpense": "88000000",
            "nonInterestIncome": "36000000",
            "otherNonOperatingIncome": "49000000",
            "depreciation": "None",
            "depreciationAndAmortization": "333000000",
            "incomeBeforeTax": "791000000",
            "incomeTaxExpense": "99000000",
            "interestAndDebtExpense": "88000000",
            "netIncomeFromContinuingOperations": "697000000",
            "comprehensiveIncomeNetOfTax": "636000000",
            "ebit": "879000000",
            "ebitda": "1212000000",
            "netIncome": "692000000"
        },
        {
            "fiscalDateEnding": "2018-09-30",
            "reportedCurrency": "USD",
            "grossProfit": "1656000000",
            "totalRevenue": "10155000000",
            "costOfRevenue": "8499000000",
            "costofGoodsAndServicesSold": "8499000000",
            "operatingIncome": "1317000000",
            "sellingGeneralAndAdministrative": "309000000",
            "researchAndDevelopment": "30000000",
            "operatingExpenses": "339000000",
            "investmentIncomeNet": "14000000",
            "netInterestIncome": "-90000000",
            "interestIncome": "None",
            "interestExpense": "90000000",
            "nonInterestIncome": "9932000000",
            "otherNonOperatingIncome": "17000000",
            "depreciation": "None",
            "depreciationAndAmortization": "309000000",
            "incomeBeforeTax": "1345000000",
            "incomeTaxExpense": "232000000",
            "interestAndDebtExpense": "90000000",
            "netIncomeFromContinuingOperations": "1115000000",
            "comprehensiveIncomeNetOfTax": "1162000000",
            "ebit": "1435000000",
            "ebitda": "1744000000",
            "netIncome": "1113000000"
        },
        {
            "fiscalDateEnding": "2018-06-30",
            "reportedCurrency": "USD",
            "grossProfit": "1916000000",
            "totalRevenue": "10206000000",
            "costOfRevenue": "8290000000",
            "costofGoodsAndServicesSold": "8290000000",
            "operatingIncome": "1626000000",
            "sellingGeneralAndAdministrative": "261000000",
            "researchAndDevelopment": "29000000",
            "operatingExpenses": "290000000",
            "investmentIncomeNet": "15000000",
            "netInterestIncome": "-91000000",
            "interestIncome": "None",
            "interestExpense": "91000000",
            "nonInterestIncome": "3000000",
            "otherNonOperatingIncome": "16000000",
            "depreciation": "None",
            "depreciationAndAmortization": "300000000",
            "incomeBeforeTax": "1633000000",
            "incomeTaxExpense": "-21000000",
            "interestAndDebtExpense": "91000000",
            "netIncomeFromContinuingOperations": "1655000000",
            "comprehensiveIncomeNetOfTax": "1597000000",
            "ebit": "1724000000",
            "ebitda": "2024000000",
            "netIncome": "1654000000"
        },
        {
            "fiscalDateEnding": "2018-03-31",
            "reportedCurrency": "USD",
            "grossProfit": "1755000000",
            "totalRevenue": "9767000000",
            "costOfRevenue": "8012000000",
            "costofGoodsAndServicesSold": "8012000000",
            "operatingIncome": "1494000000",
            "sellingGeneralAndAdministrative": "233000000",
            "researchAndDevelopment": "28000000",
            "operatingExpenses": "261000000",
            "investmentIncomeNet": "11000000",
            "netInterestIncome": "-91000000",
            "interestIncome": "None",
            "interestExpense": "91000000",
            "nonInterestIncome": "6000000",
            "otherNonOperatingIncome": "24000000",
            "depreciation": "None",
            "depreciationAndAmortization": "299000000",
            "incomeBeforeTax": "1534000000",
            "incomeTaxExpense": "303000000",
            "interestAndDebtExpense": "91000000",
            "netIncomeFromContinuingOperations": "1231000000",
            "comprehensiveIncomeNetOfTax": "1285000000",
            "ebit": "1625000000",
            "ebitda": "1924000000",
            "netIncome": "1231000000"
        }
    ]
}