{
    "symbol": "MAR",
    "annualReports": [
        {
            "fiscalDateEnding": "2022-12-31",
            "reportedCurrency": "USD",
            "grossProfit": "19247000000",
            "totalRevenue": "20773000000",
            "costOfRevenue": "1526000000",
            "costofGoodsAndServicesSold": "16215000000",
            "operatingIncome": "3462000000",
            "sellingGeneralAndAdministrative": "1526000000",
            "researchAndDevelopment": "None",
            "operatingExpenses": "1553000000",
            "investmentIncomeNet": "26000000",
            "netInterestIncome": "-403000000",
            "interestIncome": "26000000",
            "interestExpense": "403000000",
            "nonInterestIncome": "0",
            "otherNonOperatingIncome": "11000000",
            "depreciation": "114000000",
            "depreciationAndAmortization": "282000000",
            "incomeBeforeTax": "3114000000",
            "incomeTaxExpense": "756000000",
            "interestAndDebtExpense": "403000000",
            "netIncomeFromContinuingOperations": "2358000000",
            "comprehensiveIncomeNetOfTax": "1971000000",
            "ebit": "3517000000",
            "ebitda": "3799000000",
            "netIncome": "2358000000"
        },
        {
            "fiscalDateEnding": "2021-12-31",
            "reportedCurrency": "USD",
            "grossProfit": "12564000000",
            "totalRevenue": "13857000000",
            "costOfRevenue": "1293000000",
            "costofGoodsAndServicesSold": "11056000000",
            "operatingIncome": "1750000000",
            "sellingGeneralAndAdministrative": "1293000000",
            "researchAndDevelopment": "None",
            "operatingExpenses": "1312000000",
            "investmentIncomeNet": "28000000",
            "netInterestIncome": "-420000000",
            "interestIncome": "28000000",
            "interestExpense": "420000000",
            "nonInterestIncome": "-164000000",
            "otherNonOperatingIncome": "10000000",
            "depreciation": "138000000",
            "depreciationAndAmortization": "295000000",
            "incomeBeforeTax": "1180000000",
            "incomeTaxExpense": "81000000",
            "interestAndDebtExpense": "584000000",
            "netIncomeFromContinuingOperations": "1099000000",
            "comprehensiveIncomeNetOfTax": "892000000",
            "ebit": "1600000000",
            "ebitda": "1895000000",
            "netIncome": "1099000000"
        },
        {
            "fiscalDateEnding": "2020-12-31",
            "reportedCurrency": "USD",
            "grossProfit": "9026000000",
            "totalRevenue": "10571000000",
            "costOfRevenue": "1545000000",
            "costofGoodsAndServicesSold": "9112000000",
            "operatingIncome": "84000000",
            "sellingGeneralAndAdministrative": "1038000000",
            "researchAndDevelopment": "None",
            "operatingExpenses": "1684000000",
            "investmentIncomeNet": "27000000",
            "netInterestIncome": "-445000000",
            "interestIncome": "27000000",
            "interestExpense": "445000000",
            "nonInterestIncome": "0",
            "otherNonOperatingIncome": "9000000",
            "depreciation": "322000000",
            "depreciationAndAmortization": "478000000",
            "incomeBeforeTax": "-466000000",
            "incomeTaxExpense": "-199000000",
            "interestAndDebtExpense": "445000000",
            "netIncomeFromContinuingOperations": "-267000000",
            "comprehensiveIncomeNetOfTax": "-41000000",
            "ebit": "-21000000",
            "ebitda": "457000000",
            "netIncome": "-267000000"
        },
        {
            "fiscalDateEnding": "2019-12-31",
            "reportedCurrency": "USD",
            "grossProfit": "19183000000",
            "totalRevenue": "20972000000",
            "costOfRevenue": "1789000000",
            "costofGoodsAndServicesSold": "17755000000",
            "operatingIncome": "1800000000",
            "sellingGeneralAndAdministrative": "1789000000",
            "researchAndDevelopment": "None",
            "operatingExpenses": "1642000000",
            "investmentIncomeNet": "26000000",
            "netInterestIncome": "-394000000",
            "interestIncome": "26000000",
            "interestExpense": "394000000",
            "nonInterestIncome": "0",
            "otherNonOperatingIncome": "154000000",
            "depreciation": "346000000",
            "depreciationAndAmortization": "403000000",
            "incomeBeforeTax": "1599000000",
            "incomeTaxExpense": "326000000",
            "interestAndDebtExpense": "394000000",
            "netIncomeFromContinuingOperations": "1273000000",
            "comprehensiveIncomeNetOfTax": "1303000000",
            "ebit": "1993000000",
            "ebitda": "2396000000",
            "netIncome": "1273000000"
        },
        {
            "fiscalDateEnding": "2018-12-31",
            "reportedCurrency": "USD",
            "grossProfit": "19171000000",
            "totalRevenue": "20758000000",
            "costOfRevenue": "1587000000",
            "costofGoodsAndServicesSold": "17084000000",
            "operatingIncome": "2366000000",
            "sellingGeneralAndAdministrative": "1587000000",
            "researchAndDevelopment": "None",
            "operatingExpenses": "1393000000",
            "investmentIncomeNet": "22000000",
            "netInterestIncome": "-340000000",
            "interestIncome": "22000000",
            "interestExpense": "340000000",
            "nonInterestIncome": "42000000",
            "otherNonOperatingIncome": "194000000",
            "depreciation": "256000000",
            "depreciationAndAmortization": "284000000",
            "incomeBeforeTax": "2345000000",
            "incomeTaxExpense": "438000000",
            "interestAndDebtExpense": "340000000",
            "netIncomeFromContinuingOperations": "1907000000",
            "comprehensiveIncomeNetOfTax": "1537000000",
            "ebit": "2685000000",
            "ebitda": "2969000000",
            "netIncome": "1907000000"
        }
    ],
    "quarterlyReports": [
        {
            "fiscalDateEnding": "2022-12-31",
            "reportedCurrency": "USD",
            "grossProfit": "5052000000",
            "totalRevenue": "5923000000",
            "costOfRevenue": "871000000",
            "costofGoodsAndServicesSold": "4644000000",
            "operatingIncome": "996000000",
            "sellingGeneralAndAdministrative": "871000000",
            "researchAndDevelopment": "None",
            "operatingExpenses": "871000000",
            "investmentIncomeNet": "8000000",
            "netInterestIncome": "-115000000",
            "interestIncome": "8000000",
            "interestExpense": "115000000",
            "nonInterestIncome": "0",
            "otherNonOperatingIncome": "2000000",
            "depreciation": "None",
            "depreciationAndAmortization": "70000000",
            "incomeBeforeTax": "891000000",
            "incomeTaxExpense": "218000000",
            "interestAndDebtExpense": "115000000",
            "netIncomeFromContinuingOperations": "673000000",
            "comprehensiveIncomeNetOfTax": "934000000",
            "ebit": "1006000000",
            "ebitda": "1076000000",
            "netIncome": "673000000"
        },
        {
            "fiscalDateEnding": "2022-09-30",
            "reportedCurrency": "USD",
            "grossProfit": "5097000000",
            "totalRevenue": "5313000000",
            "costOfRevenue": "216000000",
            "costofGoodsAndServicesSold": "4087000000",
            "operatingIncome": "958000000",
            "sellingGeneralAndAdministrative": "216000000",
            "researchAndDevelopment": "None",
            "operatingExpenses": "210000000",
            "investmentIncomeNet": "7000000",
            "netInterestIncome": "-100000000",
            "interestIncome": "7000000",
            "interestExpense": "100000000",
            "nonInterestIncome": "0",
            "otherNonOperatingIncome": "3000000",
            "depreciation": "None",
            "depreciationAndAmortization": "72000000",
            "incomeBeforeTax": "869000000",
            "incomeTaxExpense": "239000000",
            "interestAndDebtExpense": "100000000",
            "netIncomeFromContinuingOperations": "630000000",
            "comprehensiveIncomeNetOfTax": "291000000",
            "ebit": "969000000",
            "ebitda": "1041000000",
            "netIncome": "630000000"
        },
        {
            "fiscalDateEnding": "2022-06-30",
            "reportedCurrency": "USD",
            "grossProfit": "5107000000",
            "totalRevenue": "5338000000",
            "costOfRevenue": "231000000",
            "costofGoodsAndServicesSold": "4108000000",
            "operatingIncome": "950000000",
            "sellingGeneralAndAdministrative": "231000000",
            "researchAndDevelopment": "None",
            "operatingExpenses": "245000000",
            "investmentIncomeNet": "6000000",
            "netInterestIncome": "-95000000",
            "interestIncome": "6000000",
            "interestExpense": "95000000",
            "nonInterestIncome": "None",
            "otherNonOperatingIncome": "2000000",
            "depreciation": "None",
            "depreciationAndAmortization": "68000000",
            "incomeBeforeTax": "878000000",
            "incomeTaxExpense": "200000000",
            "interestAndDebtExpense": "95000000",
            "netIncomeFromContinuingOperations": "678000000",
            "comprehensiveIncomeNetOfTax": "355000000",
            "ebit": "973000000",
            "ebitda": "1041000000",
            "netIncome": "678000000"
        },
        {
            "fiscalDateEnding": "2022-03-31",
            "reportedCurrency": "USD",
            "grossProfit": "3991000000",
            "totalRevenue": "4199000000",
            "costOfRevenue": "208000000",
            "costofGoodsAndServicesSold": "3376000000",
            "operatingIncome": "558000000",
            "sellingGeneralAndAdministrative": "208000000",
            "researchAndDevelopment": "None",
            "operatingExpenses": "227000000",
            "investmentIncomeNet": "5000000",
            "netInterestIncome": "-93000000",
            "interestIncome": "5000000",
            "interestExpense": "93000000",
            "nonInterestIncome": "None",
            "otherNonOperatingIncome": "4000000",
            "depreciation": "None",
            "depreciationAndAmortization": "72000000",
            "incomeBeforeTax": "476000000",
            "incomeTaxExpense": "99000000",
            "interestAndDebtExpense": "93000000",
            "netIncomeFromContinuingOperations": "377000000",
            "comprehensiveIncomeNetOfTax": "391000000",
            "ebit": "569000000",
            "ebitda": "641000000",
            "netIncome": "377000000"
        },
        {
            "fiscalDateEnding": "2021-12-31",
            "reportedCurrency": "USD",
            "grossProfit": "-164000000",
            "totalRevenue": "4446000000",
            "costOfRevenue": "683000000",
            "costofGoodsAndServicesSold": "3544000000",
            "operatingIncome": "635000000",
            "sellingGeneralAndAdministrative": "683000000",
            "researchAndDevelopment": "None",
            "operatingExpenses": "678000000",
            "investmentIncomeNet": "6000000",
            "netInterestIncome": "-97000000",
            "interestIncome": "6000000",
            "interestExpense": "97000000",
            "nonInterestIncome": "-164000000",
            "otherNonOperatingIncome": "4000000",
            "depreciation": "None",
            "depreciationAndAmortization": "73000000",
            "incomeBeforeTax": "548000000",
            "incomeTaxExpense": "80000000",
            "interestAndDebtExpense": "164000000",
            "netIncomeFromContinuingOperations": "-164000000",
            "comprehensiveIncomeNetOfTax": "458000000",
            "ebit": "645000000",
            "ebitda": "718000000",
            "netIncome": "468000000"
        },
        {
            "fiscalDateEnding": "2021-09-30",
            "reportedCurrency": "USD",
            "grossProfit": "3734000000",
            "totalRevenue": "3946000000",
            "costOfRevenue": "212000000",
            "costofGoodsAndServicesSold": "3121000000",
            "operatingIncome": "545000000",
            "sellingGeneralAndAdministrative": "212000000",
            "researchAndDevelopment": "None",
            "operatingExpenses": "213000000",
            "investmentIncomeNet": "8000000",
            "netInterestIncome": "-107000000",
            "interestIncome": "8000000",
            "interestExpense": "107000000",
            "nonInterestIncome": "-164000000",
            "otherNonOperatingIncome": "0",
            "depreciation": "None",
            "depreciationAndAmortization": "85000000",
            "incomeBeforeTax": "278000000",
            "incomeTaxExpense": "58000000",
            "interestAndDebtExpense": "271000000",
            "netIncomeFromContinuingOperations": "220000000",
            "comprehensiveIncomeNetOfTax": "82000000",
            "ebit": "385000000",
            "ebitda": "470000000",
            "netIncome": "220000000"
        },
        {
            "fiscalDateEnding": "2021-06-30",
            "reportedCurrency": "USD",
            "grossProfit": "2962000000",
            "totalRevenue": "3149000000",
            "costOfRevenue": "187000000",
            "costofGoodsAndServicesSold": "2423000000",
            "operatingIncome": "486000000",
            "sellingGeneralAndAdministrative": "187000000",
            "researchAndDevelopment": "None",
            "operatingExpenses": "191000000",
            "investmentIncomeNet": "7000000",
            "netInterestIncome": "-109000000",
            "interestIncome": "7000000",
            "interestExpense": "109000000",
            "nonInterestIncome": "None",
            "otherNonOperatingIncome": "5000000",
            "depreciation": "None",
            "depreciationAndAmortization": "68000000",
            "incomeBeforeTax": "381000000",
            "incomeTaxExpense": "-41000000",
            "interestAndDebtExpense": "109000000",
            "netIncomeFromContinuingOperations": "422000000",
            "comprehensiveIncomeNetOfTax": "518000000",
            "ebit": "490000000",
            "ebitda": "558000000",
            "netIncome": "422000000"
        },
        {
            "fiscalDateEnding": "2021-03-31",
            "reportedCurrency": "USD",
            "grossProfit": "2105000000",
            "totalRevenue": "2316000000",
            "costOfRevenue": "211000000",
            "costofGoodsAndServicesSold": "1968000000",
            "operatingIncome": "84000000",
            "sellingGeneralAndAdministrative": "211000000",
            "researchAndDevelopment": "None",
            "operatingExpenses": "230000000",
            "investmentIncomeNet": "7000000",
            "netInterestIncome": "-107000000",
            "interestIncome": "7000000",
            "interestExpense": "107000000",
            "nonInterestIncome": "None",
            "otherNonOperatingIncome": "1000000",
            "depreciation": "None",
            "depreciationAndAmortization": "69000000",
            "incomeBeforeTax": "-27000000",
            "incomeTaxExpense": "-16000000",
            "interestAndDebtExpense": "107000000",
            "netIncomeFromContinuingOperations": "-11000000",
            "comprehensiveIncomeNetOfTax": "-166000000",
            "ebit": "80000000",
            "ebitda": "149000000",
            "netIncome": "-11000000"
        },
        {
            "fiscalDateEnding": "2020-12-31",
            "reportedCurrency": "USD",
            "grossProfit": "2172000000",
            "totalRevenue": "2172000000",
            "costOfRevenue": "661000000",
            "costofGoodsAndServicesSold": "1784000000",
            "operatingIncome": "-128000000",
            "sellingGeneralAndAdministrative": "459000000",
            "researchAndDevelopment": "None",
            "operatingExpenses": "678000000",
            "investmentIncomeNet": "7000000",
            "netInterestIncome": "-112000000",
            "interestIncome": "7000000",
            "interestExpense": "112000000",
            "nonInterestIncome": "0",
            "otherNonOperatingIncome": "6000000",
            "depreciation": "None",
            "depreciationAndAmortization": "109000000",
            "incomeBeforeTax": "-314000000",
            "incomeTaxExpense": "-150000000",
            "interestAndDebtExpense": "0",
            "netIncomeFromContinuingOperations": "-128000000",
            "comprehensiveIncomeNetOfTax": "147000000",
            "ebit": "-202000000",
            "ebitda": "-93000000",
            "netIncome": "-164000000"
        },
        {
            "fiscalDateEnding": "2020-09-30",
            "reportedCurrency": "USD",
            "grossProfit": "2123000000",
            "totalRevenue": "2254000000",
            "costOfRevenue": "131000000",
            "costofGoodsAndServicesSold": "1817000000",
            "operatingIncome": "252000000",
            "sellingGeneralAndAdministrative": "131000000",
            "researchAndDevelopment": "None",
            "operatingExpenses": "131000000",
            "investmentIncomeNet": "6000000",
            "netInterestIncome": "-113000000",
            "interestIncome": "6000000",
            "interestExpense": "113000000",
            "nonInterestIncome": "0",
            "otherNonOperatingIncome": "2000000",
            "depreciation": "None",
            "depreciationAndAmortization": "101000000",
            "incomeBeforeTax": "127000000",
            "incomeTaxExpense": "27000000",
            "interestAndDebtExpense": "113000000",
            "netIncomeFromContinuingOperations": "100000000",
            "comprehensiveIncomeNetOfTax": "262000000",
            "ebit": "240000000",
            "ebitda": "341000000",
            "netIncome": "100000000"
        },
        {
            "fiscalDateEnding": "2020-06-30",
            "reportedCurrency": "USD",
            "grossProfit": "1286000000",
            "totalRevenue": "1464000000",
            "costOfRevenue": "178000000",
            "costofGoodsAndServicesSold": "1362000000",
            "operatingIncome": "-154000000",
            "sellingGeneralAndAdministrative": "178000000",
            "researchAndDevelopment": "None",
            "operatingExpenses": "223000000",
            "investmentIncomeNet": "8000000",
            "netInterestIncome": "-127000000",
            "interestIncome": "8000000",
            "interestExpense": "127000000",
            "nonInterestIncome": "None",
            "otherNonOperatingIncome": "5000000",
            "depreciation": "None",
            "depreciationAndAmortization": "93000000",
            "incomeBeforeTax": "-298000000",
            "incomeTaxExpense": "-64000000",
            "interestAndDebtExpense": "127000000",
            "netIncomeFromContinuingOperations": "-234000000",
            "comprehensiveIncomeNetOfTax": "-103000000",
            "ebit": "-171000000",
            "ebitda": "-78000000",
            "netIncome": "-234000000"
        },
        {
            "fiscalDateEnding": "2020-03-31",
            "reportedCurrency": "USD",
            "grossProfit": "4411000000",
            "totalRevenue": "4681000000",
            "costOfRevenue": "270000000",
            "costofGoodsAndServicesSold": "4149000000",
            "operatingIncome": "114000000",
            "sellingGeneralAndAdministrative": "270000000",
            "researchAndDevelopment": "None",
            "operatingExpenses": "348000000",
            "investmentIncomeNet": "6000000",
            "netInterestIncome": "-93000000",
            "interestIncome": "6000000",
            "interestExpense": "93000000",
            "nonInterestIncome": "None",
            "otherNonOperatingIncome": "-4000000",
            "depreciation": "None",
            "depreciationAndAmortization": "175000000",
            "incomeBeforeTax": "19000000",
            "incomeTaxExpense": "-12000000",
            "interestAndDebtExpense": "93000000",
            "netIncomeFromContinuingOperations": "31000000",
            "comprehensiveIncomeNetOfTax": "-347000000",
            "ebit": "112000000",
            "ebitda": "287000000",
            "netIncome": "31000000"
        },
        {
            "fiscalDateEnding": "2019-12-31",
            "reportedCurrency": "USD",
            "grossProfit": "5371000000",
            "totalRevenue": "5371000000",
            "costOfRevenue": "1118000000",
            "costofGoodsAndServicesSold": "4704000000",
            "operatingIncome": "274000000",
            "sellingGeneralAndAdministrative": "1118000000",
            "researchAndDevelopment": "None",
            "operatingExpenses": "986000000",
            "investmentIncomeNet": "6000000",
            "netInterestIncome": "-95000000",
            "interestIncome": "6000000",
            "interestExpense": "95000000",
            "nonInterestIncome": "None",
            "otherNonOperatingIncome": "138000000",
            "depreciation": "None",
            "depreciationAndAmortization": "196000000",
            "incomeBeforeTax": "326000000",
            "incomeTaxExpense": "47000000",
            "interestAndDebtExpense": "95000000",
            "netIncomeFromContinuingOperations": "274000000",
            "comprehensiveIncomeNetOfTax": "422000000",
            "ebit": "421000000",
            "ebitda": "617000000",
            "netIncome": "279000000"
        },
        {
            "fiscalDateEnding": "2019-09-30",
            "reportedCurrency": "USD",
            "grossProfit": "5064000000",
            "totalRevenue": "5284000000",
            "costOfRevenue": "220000000",
            "costofGoodsAndServicesSold": "4396000000",
            "operatingIncome": "607000000",
            "sellingGeneralAndAdministrative": "220000000",
            "researchAndDevelopment": "None",
            "operatingExpenses": "220000000",
            "investmentIncomeNet": "8000000",
            "netInterestIncome": "-100000000",
            "interestIncome": "8000000",
            "interestExpense": "100000000",
            "nonInterestIncome": "None",
            "otherNonOperatingIncome": "10000000",
            "depreciation": "None",
            "depreciationAndAmortization": "68000000",
            "incomeBeforeTax": "527000000",
            "incomeTaxExpense": "140000000",
            "interestAndDebtExpense": "100000000",
            "netIncomeFromContinuingOperations": "387000000",
            "comprehensiveIncomeNetOfTax": "209000000",
            "ebit": "627000000",
            "ebitda": "695000000",
            "netIncome": "387000000"
        },
        {
            "fiscalDateEnding": "2019-06-30",
            "reportedCurrency": "USD",
            "grossProfit": "5076000000",
            "totalRevenue": "5305000000",
            "costOfRevenue": "229000000",
            "costofGoodsAndServicesSold": "4438000000",
            "operatingIncome": "409000000",
            "sellingGeneralAndAdministrative": "229000000",
            "researchAndDevelopment": "None",
            "operatingExpenses": "229000000",
            "investmentIncomeNet": "6000000",
            "netInterestIncome": "-102000000",
            "interestIncome": "6000000",
            "interestExpense": "102000000",
            "nonInterestIncome": "None",
            "otherNonOperatingIncome": "1000000",
            "depreciation": "None",
            "depreciationAndAmortization": "71000000",
            "incomeBeforeTax": "314000000",
            "incomeTaxExpense": "82000000",
            "interestAndDebtExpense": "102000000",
            "netIncomeFromContinuingOperations": "232000000",
            "comprehensiveIncomeNetOfTax": "266000000",
            "ebit": "416000000",
            "ebitda": "487000000",
            "netIncome": "232000000"
        },
        {
            "fiscalDateEnding": "2019-03-31",
            "reportedCurrency": "USD",
            "grossProfit": "4790000000",
            "totalRevenue": "5012000000",
            "costOfRevenue": "222000000",
            "costofGoodsAndServicesSold": "4217000000",
            "operatingIncome": "510000000",
            "sellingGeneralAndAdministrative": "222000000",
            "researchAndDevelopment": "None",
            "operatingExpenses": "218000000",
            "investmentIncomeNet": "6000000",
            "netInterestIncome": "-97000000",
            "interestIncome": "78000000",
            "interestExpense": "97000000",
            "nonInterestIncome": "None",
            "otherNonOperatingIncome": "5000000",
            "depreciation": "None",
            "depreciationAndAmortization": "68000000",
            "incomeBeforeTax": "432000000",
            "incomeTaxExpense": "57000000",
            "interestAndDebtExpense": "97000000",
            "netIncomeFromContinuingOperations": "375000000",
            "comprehensiveIncomeNetOfTax": "406000000",
            "ebit": "529000000",
            "ebitda": "597000000",
            "netIncome": "375000000"
        },
        {
            "fiscalDateEnding": "2018-12-31",
            "reportedCurrency": "USD",
            "grossProfit": "5289000000",
            "totalRevenue": "5289000000",
            "costOfRevenue": "902000000",
            "costofGoodsAndServicesSold": "4406000000",
            "operatingIncome": "422000000",
            "sellingGeneralAndAdministrative": "902000000",
            "researchAndDevelopment": "None",
            "operatingExpenses": "899000000",
            "investmentIncomeNet": "6000000",
            "netInterestIncome": "-94000000",
            "interestIncome": "None",
            "interestExpense": "94000000",
            "nonInterestIncome": "None",
            "otherNonOperatingIncome": "3000000",
            "depreciation": "None",
            "depreciationAndAmortization": "76000000",
            "incomeBeforeTax": "345000000",
            "incomeTaxExpense": "28000000",
            "interestAndDebtExpense": "94000000",
            "netIncomeFromContinuingOperations": "422000000",
            "comprehensiveIncomeNetOfTax": "235000000",
            "ebit": "439000000",
            "ebitda": "649000000",
            "netIncome": "317000000"
        },
        {
            "fiscalDateEnding": "2018-09-30",
            "reportedCurrency": "USD",
            "grossProfit": "4828000000",
            "totalRevenue": "5051000000",
            "costOfRevenue": "221000000",
            "costofGoodsAndServicesSold": "4194000000",
            "operatingIncome": "596000000",
            "sellingGeneralAndAdministrative": "221000000",
            "researchAndDevelopment": "None",
            "operatingExpenses": "221000000",
            "investmentIncomeNet": "5000000",
            "netInterestIncome": "-86000000",
            "interestIncome": "None",
            "interestExpense": "86000000",
            "nonInterestIncome": "None",
            "otherNonOperatingIncome": "18000000",
            "depreciation": "None",
            "depreciationAndAmortization": "65000000",
            "incomeBeforeTax": "594000000",
            "incomeTaxExpense": "91000000",
            "interestAndDebtExpense": "86000000",
            "netIncomeFromContinuingOperations": "483000000",
            "comprehensiveIncomeNetOfTax": "438000000",
            "ebit": "680000000",
            "ebitda": "719000000",
            "netIncome": "503000000"
        },
        {
            "fiscalDateEnding": "2018-06-30",
            "reportedCurrency": "USD",
            "grossProfit": "5129000000",
            "totalRevenue": "5409000000",
            "costOfRevenue": "217000000",
            "costofGoodsAndServicesSold": "4313000000",
            "operatingIncome": "818000000",
            "sellingGeneralAndAdministrative": "217000000",
            "researchAndDevelopment": "None",
            "operatingExpenses": "217000000",
            "investmentIncomeNet": "6000000",
            "netInterestIncome": "-85000000",
            "interestIncome": "None",
            "interestExpense": "85000000",
            "nonInterestIncome": "42000000",
            "otherNonOperatingIncome": "114000000",
            "depreciation": "None",
            "depreciationAndAmortization": "70000000",
            "incomeBeforeTax": "874000000",
            "incomeTaxExpense": "207000000",
            "interestAndDebtExpense": "85000000",
            "netIncomeFromContinuingOperations": "610000000",
            "comprehensiveIncomeNetOfTax": "282000000",
            "ebit": "959000000",
            "ebitda": "951000000",
            "netIncome": "667000000"
        },
        {
            "fiscalDateEnding": "2018-03-31",
            "reportedCurrency": "USD",
            "grossProfit": "588000000",
            "totalRevenue": "5009000000",
            "costOfRevenue": "4418000000",
            "costofGoodsAndServicesSold": "4171000000",
            "operatingIncome": "530000000",
            "sellingGeneralAndAdministrative": "247000000",
            "researchAndDevelopment": "None",
            "operatingExpenses": "187000000",
            "investmentIncomeNet": "5000000",
            "netInterestIncome": "-75000000",
            "interestIncome": "None",
            "interestExpense": "75000000",
            "nonInterestIncome": "None",
            "otherNonOperatingIncome": "59000000",
            "depreciation": "None",
            "depreciationAndAmortization": "73000000",
            "incomeBeforeTax": "532000000",
            "incomeTaxExpense": "112000000",
            "interestAndDebtExpense": "75000000",
            "netIncomeFromContinuingOperations": "398000000",
            "comprehensiveIncomeNetOfTax": "582000000",
            "ebit": "607000000",
            "ebitda": "650000000",
            "netIncome": "420000000"
        }
    ]
}