{
    "symbol": "MCK",
    "annualReports": [
        {
            "fiscalDateEnding": "2022-03-31",
            "reportedCurrency": "USD",
            "grossProfit": "13130000000",
            "totalRevenue": "263638000000",
            "costOfRevenue": "263887000000",
            "costofGoodsAndServicesSold": "250836000000",
            "operatingIncome": "2038000000",
            "sellingGeneralAndAdministrative": "10537000000",
            "researchAndDevelopment": "None",
            "operatingExpenses": "11092000000",
            "investmentIncomeNet": "10000000",
            "netInterestIncome": "-178000000",
            "interestIncome": "10000000",
            "interestExpense": "178000000",
            "nonInterestIncome": "263775000000",
            "otherNonOperatingIncome": "103000000",
            "depreciation": "279000000",
            "depreciationAndAmortization": "760000000",
            "incomeBeforeTax": "1750000000",
            "incomeTaxExpense": "636000000",
            "interestAndDebtExpense": "369000000",
            "netIncomeFromContinuingOperations": "1119000000",
            "comprehensiveIncomeNetOfTax": "1230000000",
            "ebit": "1928000000",
            "ebitda": "2688000000",
            "netIncome": "1114000000"
        },
        {
            "fiscalDateEnding": "2021-03-31",
            "reportedCurrency": "USD",
            "grossProfit": "12148000000",
            "totalRevenue": "238047000000",
            "costOfRevenue": "244086000000",
            "costofGoodsAndServicesSold": "226080000000",
            "operatingIncome": "-5040000000",
            "sellingGeneralAndAdministrative": "8849000000",
            "researchAndDevelopment": "None",
            "operatingExpenses": "17188000000",
            "investmentIncomeNet": "12000000",
            "netInterestIncome": "-217000000",
            "interestIncome": "217000000",
            "interestExpense": "217000000",
            "nonInterestIncome": "238228000000",
            "otherNonOperatingIncome": "30000000",
            "depreciation": "321000000",
            "depreciationAndAmortization": "887000000",
            "incomeBeforeTax": "-5234000000",
            "incomeTaxExpense": "-695000000",
            "interestAndDebtExpense": "217000000",
            "netIncomeFromContinuingOperations": "-4538000000",
            "comprehensiveIncomeNetOfTax": "-4316000000",
            "ebit": "-5017000000",
            "ebitda": "-4130000000",
            "netIncome": "-4539000000"
        },
        {
            "fiscalDateEnding": "2020-03-31",
            "reportedCurrency": "USD",
            "grossProfit": "12023000000",
            "totalRevenue": "230835000000",
            "costOfRevenue": "229386000000",
            "costofGoodsAndServicesSold": "219028000000",
            "operatingIncome": "2489000000",
            "sellingGeneralAndAdministrative": "9182000000",
            "researchAndDevelopment": "96000000",
            "operatingExpenses": "9534000000",
            "investmentIncomeNet": "49000000",
            "netInterestIncome": "-249000000",
            "interestIncome": "49000000",
            "interestExpense": "249000000",
            "nonInterestIncome": "231051000000",
            "otherNonOperatingIncome": "37000000",
            "depreciation": "321000000",
            "depreciationAndAmortization": "922000000",
            "incomeBeforeTax": "918000000",
            "incomeTaxExpense": "18000000",
            "interestAndDebtExpense": "249000000",
            "netIncomeFromContinuingOperations": "906000000",
            "comprehensiveIncomeNetOfTax": "1046000000",
            "ebit": "1167000000",
            "ebitda": "2089000000",
            "netIncome": "900000000"
        },
        {
            "fiscalDateEnding": "2019-03-31",
            "reportedCurrency": "USD",
            "grossProfit": "11754000000",
            "totalRevenue": "214319000000",
            "costOfRevenue": "202565000000",
            "costofGoodsAndServicesSold": "202565000000",
            "operatingIncome": "886000000",
            "sellingGeneralAndAdministrative": "8437000000",
            "researchAndDevelopment": "71000000",
            "operatingExpenses": "10868000000",
            "investmentIncomeNet": "39000000",
            "netInterestIncome": "-264000000",
            "interestIncome": "39000000",
            "interestExpense": "264000000",
            "nonInterestIncome": "214319000000",
            "otherNonOperatingIncome": "21000000",
            "depreciation": "317000000",
            "depreciationAndAmortization": "949000000",
            "incomeBeforeTax": "390000000",
            "incomeTaxExpense": "356000000",
            "interestAndDebtExpense": "264000000",
            "netIncomeFromContinuingOperations": "33000000",
            "comprehensiveIncomeNetOfTax": "-98000000",
            "ebit": "654000000",
            "ebitda": "1603000000",
            "netIncome": "34000000"
        },
        {
            "fiscalDateEnding": "2018-03-31",
            "reportedCurrency": "USD",
            "grossProfit": "11184000000",
            "totalRevenue": "208357000000",
            "costOfRevenue": "197173000000",
            "costofGoodsAndServicesSold": "197173000000",
            "operatingIncome": "762000000",
            "sellingGeneralAndAdministrative": "8138000000",
            "researchAndDevelopment": "125000000",
            "operatingExpenses": "10422000000",
            "investmentIncomeNet": "48000000",
            "netInterestIncome": "-283000000",
            "interestIncome": "48000000",
            "interestExpense": "283000000",
            "nonInterestIncome": "-79000000",
            "otherNonOperatingIncome": "7000000",
            "depreciation": "303000000",
            "depreciationAndAmortization": "951000000",
            "incomeBeforeTax": "14000000",
            "incomeTaxExpense": "-53000000",
            "interestAndDebtExpense": "283000000",
            "netIncomeFromContinuingOperations": "62000000",
            "comprehensiveIncomeNetOfTax": "491000000",
            "ebit": "297000000",
            "ebitda": "1248000000",
            "netIncome": "67000000"
        }
    ],
    "quarterlyReports": [
        {
            "fiscalDateEnding": "2022-12-31",
            "reportedCurrency": "USD",
            "grossProfit": "3174000000",
            "totalRevenue": "70421000000",
            "costOfRevenue": "69307000000",
            "costofGoodsAndServicesSold": "67316000000",
            "operatingIncome": "1241000000",
            "sellingGeneralAndAdministrative": "1903000000",
            "researchAndDevelopment": "None",
            "operatingExpenses": "1933000000",
            "investmentIncomeNet": "None",
            "netInterestIncome": "-69000000",
            "interestIncome": "69000000",
            "interestExpense": "69000000",
            "nonInterestIncome": "70490000000",
            "otherNonOperatingIncome": "276000000",
            "depreciation": "61000000",
            "depreciationAndAmortization": "57000000",
            "incomeBeforeTax": "1408000000",
            "incomeTaxExpense": "329000000",
            "interestAndDebtExpense": "69000000",
            "netIncomeFromContinuingOperations": "1078000000",
            "comprehensiveIncomeNetOfTax": "1294000000",
            "ebit": "1477000000",
            "ebitda": "1534000000",
            "netIncome": "1079000000"
        },
        {
            "fiscalDateEnding": "2022-09-30",
            "reportedCurrency": "USD",
            "grossProfit": "3095000000",
            "totalRevenue": "70244000000",
            "costOfRevenue": "69099000000",
            "costofGoodsAndServicesSold": "67062000000",
            "operatingIncome": "1124000000",
            "sellingGeneralAndAdministrative": "1950000000",
            "researchAndDevelopment": "None",
            "operatingExpenses": "1971000000",
            "investmentIncomeNet": "None",
            "netInterestIncome": "-55000000",
            "interestIncome": "55000000",
            "interestExpense": "55000000",
            "nonInterestIncome": "70299000000",
            "otherNonOperatingIncome": "175000000",
            "depreciation": "63000000",
            "depreciationAndAmortization": "57000000",
            "incomeBeforeTax": "1197000000",
            "incomeTaxExpense": "271000000",
            "interestAndDebtExpense": "55000000",
            "netIncomeFromContinuingOperations": "932000000",
            "comprehensiveIncomeNetOfTax": "760000000",
            "ebit": "1252000000",
            "ebitda": "1309000000",
            "netIncome": "926000000"
        },
        {
            "fiscalDateEnding": "2022-06-30",
            "reportedCurrency": "USD",
            "grossProfit": "3023000000",
            "totalRevenue": "67109000000",
            "costOfRevenue": "66169000000",
            "costofGoodsAndServicesSold": "64131000000",
            "operatingIncome": "1036000000",
            "sellingGeneralAndAdministrative": "1959000000",
            "researchAndDevelopment": "None",
            "operatingExpenses": "1987000000",
            "investmentIncomeNet": "None",
            "netInterestIncome": "-45000000",
            "interestIncome": "45000000",
            "interestExpense": "45000000",
            "nonInterestIncome": "67154000000",
            "otherNonOperatingIncome": "15000000",
            "depreciation": "61000000",
            "depreciationAndAmortization": "56000000",
            "incomeBeforeTax": "967000000",
            "incomeTaxExpense": "199000000",
            "interestAndDebtExpense": "45000000",
            "netIncomeFromContinuingOperations": "766000000",
            "comprehensiveIncomeNetOfTax": "1354000000",
            "ebit": "1012000000",
            "ebitda": "1068000000",
            "netIncome": "768000000"
        },
        {
            "fiscalDateEnding": "2022-03-31",
            "reportedCurrency": "USD",
            "grossProfit": "3318000000",
            "totalRevenue": "66100000000",
            "costOfRevenue": "67359000000",
            "costofGoodsAndServicesSold": "62784000000",
            "operatingIncome": "633000000",
            "sellingGeneralAndAdministrative": "2531000000",
            "researchAndDevelopment": "None",
            "operatingExpenses": "2685000000",
            "investmentIncomeNet": "None",
            "netInterestIncome": "-43000000",
            "interestIncome": "49000000",
            "interestExpense": "43000000",
            "nonInterestIncome": "66102000000",
            "otherNonOperatingIncome": "-99000000",
            "depreciation": "64000000",
            "depreciationAndAmortization": "498000000",
            "incomeBeforeTax": "608000000",
            "incomeTaxExpense": "240000000",
            "interestAndDebtExpense": "43000000",
            "netIncomeFromContinuingOperations": "370000000",
            "comprehensiveIncomeNetOfTax": "489000000",
            "ebit": "651000000",
            "ebitda": "1149000000",
            "netIncome": "368000000"
        },
        {
            "fiscalDateEnding": "2021-12-31",
            "reportedCurrency": "USD",
            "grossProfit": "3428000000",
            "totalRevenue": "68573000000",
            "costOfRevenue": "68389000000",
            "costofGoodsAndServicesSold": "65186000000",
            "operatingIncome": "298000000",
            "sellingGeneralAndAdministrative": "3105000000",
            "researchAndDevelopment": "None",
            "operatingExpenses": "3130000000",
            "investmentIncomeNet": "None",
            "netInterestIncome": "-41000000",
            "interestIncome": "41000000",
            "interestExpense": "41000000",
            "nonInterestIncome": "68614000000",
            "otherNonOperatingIncome": "20000000",
            "depreciation": "67000000",
            "depreciationAndAmortization": "80000000",
            "incomeBeforeTax": "231000000",
            "incomeTaxExpense": "238000000",
            "interestAndDebtExpense": "41000000",
            "netIncomeFromContinuingOperations": "-7000000",
            "comprehensiveIncomeNetOfTax": "3000000",
            "ebit": "272000000",
            "ebitda": "352000000",
            "netIncome": "-7000000"
        },
        {
            "fiscalDateEnding": "2021-09-30",
            "reportedCurrency": "USD",
            "grossProfit": "3352000000",
            "totalRevenue": "66340000000",
            "costOfRevenue": "66009000000",
            "costofGoodsAndServicesSold": "63224000000",
            "operatingIncome": "539000000",
            "sellingGeneralAndAdministrative": "2669000000",
            "researchAndDevelopment": "None",
            "operatingExpenses": "2813000000",
            "investmentIncomeNet": "None",
            "netInterestIncome": "-45000000",
            "interestIncome": "52000000",
            "interestExpense": "45000000",
            "nonInterestIncome": "66385000000",
            "otherNonOperatingIncome": "139000000",
            "depreciation": "68000000",
            "depreciationAndAmortization": "84000000",
            "incomeBeforeTax": "399000000",
            "incomeTaxExpense": "132000000",
            "interestAndDebtExpense": "236000000",
            "netIncomeFromContinuingOperations": "267000000",
            "comprehensiveIncomeNetOfTax": "229000000",
            "ebit": "444000000",
            "ebitda": "528000000",
            "netIncome": "267000000"
        },
        {
            "fiscalDateEnding": "2021-06-30",
            "reportedCurrency": "USD",
            "grossProfit": "3032000000",
            "totalRevenue": "62674000000",
            "costOfRevenue": "62130000000",
            "costofGoodsAndServicesSold": "59642000000",
            "operatingIncome": "568000000",
            "sellingGeneralAndAdministrative": "2232000000",
            "researchAndDevelopment": "None",
            "operatingExpenses": "2464000000",
            "investmentIncomeNet": "None",
            "netInterestIncome": "-49000000",
            "interestIncome": "49000000",
            "interestExpense": "49000000",
            "nonInterestIncome": "62674000000",
            "otherNonOperatingIncome": "43000000",
            "depreciation": "80000000",
            "depreciationAndAmortization": "98000000",
            "incomeBeforeTax": "512000000",
            "incomeTaxExpense": "26000000",
            "interestAndDebtExpense": "49000000",
            "netIncomeFromContinuingOperations": "489000000",
            "comprehensiveIncomeNetOfTax": "509000000",
            "ebit": "561000000",
            "ebitda": "659000000",
            "netIncome": "486000000"
        },
        {
            "fiscalDateEnding": "2021-03-31",
            "reportedCurrency": "USD",
            "grossProfit": "3297000000",
            "totalRevenue": "59142000000",
            "costOfRevenue": "65060000000",
            "costofGoodsAndServicesSold": "55845000000",
            "operatingIncome": "1010000000",
            "sellingGeneralAndAdministrative": "2224000000",
            "researchAndDevelopment": "None",
            "operatingExpenses": "2287000000",
            "investmentIncomeNet": "None",
            "netInterestIncome": "-52000000",
            "interestIncome": "52000000",
            "interestExpense": "52000000",
            "nonInterestIncome": "59142000000",
            "otherNonOperatingIncome": "-122000000",
            "depreciation": "84000000",
            "depreciationAndAmortization": "567000000",
            "incomeBeforeTax": "971000000",
            "incomeTaxExpense": "305000000",
            "interestAndDebtExpense": "52000000",
            "netIncomeFromContinuingOperations": "666000000",
            "comprehensiveIncomeNetOfTax": "689000000",
            "ebit": "1023000000",
            "ebitda": "1590000000",
            "netIncome": "666000000"
        },
        {
            "fiscalDateEnding": "2020-12-31",
            "reportedCurrency": "USD",
            "grossProfit": "3151000000",
            "totalRevenue": "62599000000",
            "costOfRevenue": "67778000000",
            "costofGoodsAndServicesSold": "59448000000",
            "operatingIncome": "-7362000000",
            "sellingGeneralAndAdministrative": "2291000000",
            "researchAndDevelopment": "None",
            "operatingExpenses": "10513000000",
            "investmentIncomeNet": "None",
            "netInterestIncome": "-55000000",
            "interestIncome": "55000000",
            "interestExpense": "55000000",
            "nonInterestIncome": "62599000000",
            "otherNonOperatingIncome": "54000000",
            "depreciation": "83000000",
            "depreciationAndAmortization": "108000000",
            "incomeBeforeTax": "-7426000000",
            "incomeTaxExpense": "-1200000000",
            "interestAndDebtExpense": "55000000",
            "netIncomeFromContinuingOperations": "-6226000000",
            "comprehensiveIncomeNetOfTax": "-6132000000",
            "ebit": "-7371000000",
            "ebitda": "-7263000000",
            "netIncome": "-6226000000"
        },
        {
            "fiscalDateEnding": "2020-09-30",
            "reportedCurrency": "USD",
            "grossProfit": "3000000000",
            "totalRevenue": "60808000000",
            "costOfRevenue": "58043000000",
            "costofGoodsAndServicesSold": "57808000000",
            "operatingIncome": "634000000",
            "sellingGeneralAndAdministrative": "2237000000",
            "researchAndDevelopment": "None",
            "operatingExpenses": "2366000000",
            "investmentIncomeNet": "None",
            "netInterestIncome": "-50000000",
            "interestIncome": "50000000",
            "interestExpense": "50000000",
            "nonInterestIncome": "60808000000",
            "otherNonOperatingIncome": "71000000",
            "depreciation": "79000000",
            "depreciationAndAmortization": "106000000",
            "incomeBeforeTax": "605000000",
            "incomeTaxExpense": "28000000",
            "interestAndDebtExpense": "50000000",
            "netIncomeFromContinuingOperations": "577000000",
            "comprehensiveIncomeNetOfTax": "715000000",
            "ebit": "655000000",
            "ebitda": "761000000",
            "netIncome": "577000000"
        },
        {
            "fiscalDateEnding": "2020-06-30",
            "reportedCurrency": "USD",
            "grossProfit": "2700000000",
            "totalRevenue": "55679000000",
            "costOfRevenue": "53229000000",
            "costofGoodsAndServicesSold": "52979000000",
            "operatingIncome": "678000000",
            "sellingGeneralAndAdministrative": "2097000000",
            "researchAndDevelopment": "None",
            "operatingExpenses": "2022000000",
            "investmentIncomeNet": "None",
            "netInterestIncome": "-60000000",
            "interestIncome": "60000000",
            "interestExpense": "60000000",
            "nonInterestIncome": "55679000000",
            "otherNonOperatingIncome": "27000000",
            "depreciation": "75000000",
            "depreciationAndAmortization": "106000000",
            "incomeBeforeTax": "594000000",
            "incomeTaxExpense": "150000000",
            "interestAndDebtExpense": "60000000",
            "netIncomeFromContinuingOperations": "445000000",
            "comprehensiveIncomeNetOfTax": "412000000",
            "ebit": "654000000",
            "ebitda": "760000000",
            "netIncome": "444000000"
        },
        {
            "fiscalDateEnding": "2020-03-31",
            "reportedCurrency": "USD",
            "grossProfit": "3336000000",
            "totalRevenue": "58535000000",
            "costOfRevenue": "64612000000",
            "costofGoodsAndServicesSold": "55199000000",
            "operatingIncome": "869000000",
            "sellingGeneralAndAdministrative": "8906000000",
            "researchAndDevelopment": "96000000",
            "operatingExpenses": "2467000000",
            "investmentIncomeNet": "None",
            "netInterestIncome": "-246000000",
            "interestIncome": "419000000",
            "interestExpense": "246000000",
            "nonInterestIncome": "58535000000",
            "otherNonOperatingIncome": "52000000",
            "depreciation": "82000000",
            "depreciationAndAmortization": "570000000",
            "incomeBeforeTax": "1150000000",
            "incomeTaxExpense": "129000000",
            "interestAndDebtExpense": "65000000",
            "netIncomeFromContinuingOperations": "1015000000",
            "comprehensiveIncomeNetOfTax": "981000000",
            "ebit": "869000000",
            "ebitda": "1966000000",
            "netIncome": "1021000000"
        },
        {
            "fiscalDateEnding": "2019-12-31",
            "reportedCurrency": "USD",
            "grossProfit": "3033000000",
            "totalRevenue": "59181000000",
            "costOfRevenue": "56422000000",
            "costofGoodsAndServicesSold": "56139000000",
            "operatingIncome": "360000000",
            "sellingGeneralAndAdministrative": "96000000",
            "researchAndDevelopment": "None",
            "operatingExpenses": "2673000000",
            "investmentIncomeNet": "None",
            "netInterestIncome": "-1000000",
            "interestIncome": "75000000",
            "interestExpense": "1000000",
            "nonInterestIncome": "59172000000",
            "otherNonOperatingIncome": "26000000",
            "depreciation": "79000000",
            "depreciationAndAmortization": "117000000",
            "incomeBeforeTax": "233000000",
            "incomeTaxExpense": "47000000",
            "interestAndDebtExpense": "64000000",
            "netIncomeFromContinuingOperations": "191000000",
            "comprehensiveIncomeNetOfTax": "227000000",
            "ebit": "360000000",
            "ebitda": "351000000",
            "netIncome": "186000000"
        },
        {
            "fiscalDateEnding": "2019-09-30",
            "reportedCurrency": "USD",
            "grossProfit": "2867000000",
            "totalRevenue": "57621000000",
            "costOfRevenue": "54915000000",
            "costofGoodsAndServicesSold": "54749000000",
            "operatingIncome": "626000000",
            "sellingGeneralAndAdministrative": "82000000",
            "researchAndDevelopment": "None",
            "operatingExpenses": "2241000000",
            "investmentIncomeNet": "None",
            "netInterestIncome": "-1000000",
            "interestIncome": "1252000000",
            "interestExpense": "1000000",
            "nonInterestIncome": "57616000000",
            "otherNonOperatingIncome": "-78000000",
            "depreciation": "78000000",
            "depreciationAndAmortization": "121000000",
            "incomeBeforeTax": "-1024000000",
            "incomeTaxExpense": "-294000000",
            "interestAndDebtExpense": "64000000",
            "netIncomeFromContinuingOperations": "-729000000",
            "comprehensiveIncomeNetOfTax": "-656000000",
            "ebit": "626000000",
            "ebitda": "-902000000",
            "netIncome": "-730000000"
        },
        {
            "fiscalDateEnding": "2019-06-30",
            "reportedCurrency": "USD",
            "grossProfit": "2787000000",
            "totalRevenue": "55745000000",
            "costOfRevenue": "53078000000",
            "costofGoodsAndServicesSold": "52941000000",
            "operatingIncome": "634000000",
            "sellingGeneralAndAdministrative": "98000000",
            "researchAndDevelopment": "None",
            "operatingExpenses": "2153000000",
            "investmentIncomeNet": "None",
            "netInterestIncome": "-1000000",
            "interestIncome": "25000000",
            "interestExpense": "1000000",
            "nonInterestIncome": "55738000000",
            "otherNonOperatingIncome": "37000000",
            "depreciation": "82000000",
            "depreciationAndAmortization": "114000000",
            "incomeBeforeTax": "559000000",
            "incomeTaxExpense": "136000000",
            "interestAndDebtExpense": "56000000",
            "netIncomeFromContinuingOperations": "429000000",
            "comprehensiveIncomeNetOfTax": "494000000",
            "ebit": "634000000",
            "ebitda": "674000000",
            "netIncome": "423000000"
        },
        {
            "fiscalDateEnding": "2019-03-31",
            "reportedCurrency": "USD",
            "grossProfit": "3201000000",
            "totalRevenue": "52429000000",
            "costOfRevenue": "48575000000",
            "costofGoodsAndServicesSold": "49228000000",
            "operatingIncome": "-569000000",
            "sellingGeneralAndAdministrative": "2087000000",
            "researchAndDevelopment": "71000000",
            "operatingExpenses": "3770000000",
            "investmentIncomeNet": "None",
            "netInterestIncome": "-31000000",
            "interestIncome": "75000000",
            "interestExpense": "70000000",
            "nonInterestIncome": "52429000000",
            "otherNonOperatingIncome": "-123000000",
            "depreciation": "None",
            "depreciationAndAmortization": "584000000",
            "incomeBeforeTax": "-685000000",
            "incomeTaxExpense": "111000000",
            "interestAndDebtExpense": "70000000",
            "netIncomeFromContinuingOperations": "-796000000",
            "comprehensiveIncomeNetOfTax": "-819000000",
            "ebit": "-569000000",
            "ebitda": "15000000",
            "netIncome": "-796000000"
        },
        {
            "fiscalDateEnding": "2018-12-31",
            "reportedCurrency": "USD",
            "grossProfit": "2970000000",
            "totalRevenue": "56208000000",
            "costOfRevenue": "53470000000",
            "costofGoodsAndServicesSold": "53238000000",
            "operatingIncome": "683000000",
            "sellingGeneralAndAdministrative": "1984000000",
            "researchAndDevelopment": "71000000",
            "operatingExpenses": "2287000000",
            "investmentIncomeNet": "None",
            "netInterestIncome": "None",
            "interestIncome": "None",
            "interestExpense": "67000000",
            "nonInterestIncome": "56208000000",
            "otherNonOperatingIncome": "84000000",
            "depreciation": "None",
            "depreciationAndAmortization": "122000000",
            "incomeBeforeTax": "592000000",
            "incomeTaxExpense": "123000000",
            "interestAndDebtExpense": "67000000",
            "netIncomeFromContinuingOperations": "470000000",
            "comprehensiveIncomeNetOfTax": "405000000",
            "ebit": "683000000",
            "ebitda": "805000000",
            "netIncome": "469000000"
        },
        {
            "fiscalDateEnding": "2018-09-30",
            "reportedCurrency": "USD",
            "grossProfit": "2804000000",
            "totalRevenue": "53075000000",
            "costOfRevenue": "50474000000",
            "costofGoodsAndServicesSold": "50271000000",
            "operatingIncome": "689000000",
            "sellingGeneralAndAdministrative": "1984000000",
            "researchAndDevelopment": "71000000",
            "operatingExpenses": "2115000000",
            "investmentIncomeNet": "None",
            "netInterestIncome": "None",
            "interestIncome": "None",
            "interestExpense": "66000000",
            "nonInterestIncome": "53075000000",
            "otherNonOperatingIncome": "20000000",
            "depreciation": "None",
            "depreciationAndAmortization": "121000000",
            "incomeBeforeTax": "534000000",
            "incomeTaxExpense": "35000000",
            "interestAndDebtExpense": "66000000",
            "netIncomeFromContinuingOperations": "498000000",
            "comprehensiveIncomeNetOfTax": "538000000",
            "ebit": "689000000",
            "ebitda": "810000000",
            "netIncome": "499000000"
        },
        {
            "fiscalDateEnding": "2018-06-30",
            "reportedCurrency": "USD",
            "grossProfit": "2779000000",
            "totalRevenue": "52607000000",
            "costOfRevenue": "50046000000",
            "costofGoodsAndServicesSold": "49828000000",
            "operatingIncome": "83000000",
            "sellingGeneralAndAdministrative": "2127000000",
            "researchAndDevelopment": "71000000",
            "operatingExpenses": "2696000000",
            "investmentIncomeNet": "None",
            "netInterestIncome": "None",
            "interestIncome": "None",
            "interestExpense": "61000000",
            "nonInterestIncome": "52607000000",
            "otherNonOperatingIncome": "40000000",
            "depreciation": "None",
            "depreciationAndAmortization": "122000000",
            "incomeBeforeTax": "-51000000",
            "incomeTaxExpense": "87000000",
            "interestAndDebtExpense": "61000000",
            "netIncomeFromContinuingOperations": "-139000000",
            "comprehensiveIncomeNetOfTax": "-222000000",
            "ebit": "83000000",
            "ebitda": "205000000",
            "netIncome": "-138000000"
        },
        {
            "fiscalDateEnding": "2018-03-31",
            "reportedCurrency": "USD",
            "grossProfit": "3075000000",
            "totalRevenue": "51628000000",
            "costOfRevenue": "48553000000",
            "costofGoodsAndServicesSold": "48553000000",
            "operatingIncome": "-944000000",
            "sellingGeneralAndAdministrative": "2218000000",
            "researchAndDevelopment": "125000000",
            "operatingExpenses": "4019000000",
            "investmentIncomeNet": "None",
            "netInterestIncome": "None",
            "interestIncome": "None",
            "interestExpense": "79000000",
            "nonInterestIncome": "51628000000",
            "otherNonOperatingIncome": "-95000000",
            "depreciation": "None",
            "depreciationAndAmortization": "581000000",
            "incomeBeforeTax": "-1153000000",
            "incomeTaxExpense": "-7000000",
            "interestAndDebtExpense": "79000000",
            "netIncomeFromContinuingOperations": "-1148000000",
            "comprehensiveIncomeNetOfTax": "-1137000000",
            "ebit": "-944000000",
            "ebitda": "-363000000",
            "netIncome": "-1146000000"
        }
    ]
}