{
    "symbol": "MPWR",
    "annualReports": [
        {
            "fiscalDateEnding": "2022-12-31",
            "reportedCurrency": "USD",
            "grossProfit": "1048552000",
            "totalRevenue": "1794148000",
            "costOfRevenue": "745596000",
            "costofGoodsAndServicesSold": "745596000",
            "operatingIncome": "526785000",
            "sellingGeneralAndAdministrative": "273595000",
            "researchAndDevelopment": "240171000",
            "operatingExpenses": "521767000",
            "investmentIncomeNet": "None",
            "netInterestIncome": "14369000",
            "interestIncome": "14369000",
            "interestExpense": "None",
            "nonInterestIncome": "1794648000",
            "otherNonOperatingIncome": "204000",
            "depreciation": "36800000",
            "depreciationAndAmortization": "None",
            "incomeBeforeTax": "524937000",
            "incomeTaxExpense": "87265000",
            "interestAndDebtExpense": "None",
            "netIncomeFromContinuingOperations": "437672000",
            "comprehensiveIncomeNetOfTax": "398715000",
            "ebit": "526785000",
            "ebitda": "524937000",
            "netIncome": "437672000"
        },
        {
            "fiscalDateEnding": "2021-12-31",
            "reportedCurrency": "USD",
            "grossProfit": "685459000",
            "totalRevenue": "1207798000",
            "costOfRevenue": "522339000",
            "costofGoodsAndServicesSold": "522339000",
            "operatingIncome": "262417000",
            "sellingGeneralAndAdministrative": "226190000",
            "researchAndDevelopment": "190627000",
            "operatingExpenses": "423042000",
            "investmentIncomeNet": "None",
            "netInterestIncome": "11637000",
            "interestIncome": "11637000",
            "interestExpense": "11637000",
            "nonInterestIncome": "1207098000",
            "otherNonOperatingIncome": "503000",
            "depreciation": "28400000",
            "depreciationAndAmortization": "28699000",
            "incomeBeforeTax": "272219000",
            "incomeTaxExpense": "30196000",
            "interestAndDebtExpense": "None",
            "netIncomeFromContinuingOperations": "242023000",
            "comprehensiveIncomeNetOfTax": "247763000",
            "ebit": "262417000",
            "ebitda": "312555000",
            "netIncome": "242023000"
        },
        {
            "fiscalDateEnding": "2020-12-31",
            "reportedCurrency": "USD",
            "grossProfit": "465954000",
            "totalRevenue": "844452000",
            "costOfRevenue": "378498000",
            "costofGoodsAndServicesSold": "378498000",
            "operatingIncome": "158882000",
            "sellingGeneralAndAdministrative": "161670000",
            "researchAndDevelopment": "137598000",
            "operatingExpenses": "307072000",
            "investmentIncomeNet": "None",
            "netInterestIncome": "9327000",
            "interestIncome": "9327000",
            "interestExpense": "9327000",
            "nonInterestIncome": "843088000",
            "otherNonOperatingIncome": "1650000",
            "depreciation": "18900000",
            "depreciationAndAmortization": "19186000",
            "incomeBeforeTax": "169342000",
            "incomeTaxExpense": "4967000",
            "interestAndDebtExpense": "None",
            "netIncomeFromContinuingOperations": "164375000",
            "comprehensiveIncomeNetOfTax": "179991000",
            "ebit": "158882000",
            "ebitda": "197855000",
            "netIncome": "164375000"
        },
        {
            "fiscalDateEnding": "2019-12-31",
            "reportedCurrency": "USD",
            "grossProfit": "346325000",
            "totalRevenue": "627921000",
            "costOfRevenue": "281596000",
            "costofGoodsAndServicesSold": "281596000",
            "operatingIncome": "102562000",
            "sellingGeneralAndAdministrative": "133542000",
            "researchAndDevelopment": "107757000",
            "operatingExpenses": "243763000",
            "investmentIncomeNet": "None",
            "netInterestIncome": "7305000",
            "interestIncome": "7305000",
            "interestExpense": "7305000",
            "nonInterestIncome": "627870000",
            "otherNonOperatingIncome": "486000",
            "depreciation": "14500000",
            "depreciationAndAmortization": "14867000",
            "incomeBeforeTax": "113120000",
            "incomeTaxExpense": "4281000",
            "interestAndDebtExpense": "None",
            "netIncomeFromContinuingOperations": "108839000",
            "comprehensiveIncomeNetOfTax": "108906000",
            "ebit": "102562000",
            "ebitda": "135292000",
            "netIncome": "108839000"
        },
        {
            "fiscalDateEnding": "2018-12-31",
            "reportedCurrency": "USD",
            "grossProfit": "322668000",
            "totalRevenue": "582382000",
            "costOfRevenue": "259714000",
            "costofGoodsAndServicesSold": "259714000",
            "operatingIncome": "113488000",
            "sellingGeneralAndAdministrative": "113803000",
            "researchAndDevelopment": "93455000",
            "operatingExpenses": "209180000",
            "investmentIncomeNet": "None",
            "netInterestIncome": "6321000",
            "interestIncome": "6321000",
            "interestExpense": "None",
            "nonInterestIncome": "583313000",
            "otherNonOperatingIncome": "95000",
            "depreciation": "11400000",
            "depreciationAndAmortization": "800000",
            "incomeBeforeTax": "118482000",
            "incomeTaxExpense": "13214000",
            "interestAndDebtExpense": "None",
            "netIncomeFromContinuingOperations": "105268000",
            "comprehensiveIncomeNetOfTax": "97912000",
            "ebit": "113488000",
            "ebitda": "114288000",
            "netIncome": "105268000"
        }
    ],
    "quarterlyReports": [
        {
            "fiscalDateEnding": "2022-12-31",
            "reportedCurrency": "USD",
            "grossProfit": "267809000",
            "totalRevenue": "460012000",
            "costOfRevenue": "192203000",
            "costofGoodsAndServicesSold": "192203000",
            "operatingIncome": "136892000",
            "sellingGeneralAndAdministrative": "66057000",
            "researchAndDevelopment": "61674000",
            "operatingExpenses": "130917000",
            "investmentIncomeNet": "None",
            "netInterestIncome": "3991000",
            "interestIncome": "3991000",
            "interestExpense": "None",
            "nonInterestIncome": "459550000",
            "otherNonOperatingIncome": "275000",
            "depreciation": "None",
            "depreciationAndAmortization": "None",
            "incomeBeforeTax": "140755000",
            "incomeTaxExpense": "21665000",
            "interestAndDebtExpense": "None",
            "netIncomeFromContinuingOperations": "119099000",
            "comprehensiveIncomeNetOfTax": "137937000",
            "ebit": "136892000",
            "ebitda": "140764000",
            "netIncome": "119090000"
        },
        {
            "fiscalDateEnding": "2022-09-30",
            "reportedCurrency": "USD",
            "grossProfit": "290902000",
            "totalRevenue": "495418000",
            "costOfRevenue": "204516000",
            "costofGoodsAndServicesSold": "204516000",
            "operatingIncome": "151871000",
            "sellingGeneralAndAdministrative": "69717000",
            "researchAndDevelopment": "67263000",
            "operatingExpenses": "139031000",
            "investmentIncomeNet": "None",
            "netInterestIncome": "3584000",
            "interestIncome": "3584000",
            "interestExpense": "3584000",
            "nonInterestIncome": "496030000",
            "otherNonOperatingIncome": "-59000",
            "depreciation": "None",
            "depreciationAndAmortization": "9674000",
            "incomeBeforeTax": "151837000",
            "incomeTaxExpense": "27500000",
            "interestAndDebtExpense": "None",
            "netIncomeFromContinuingOperations": "124376000",
            "comprehensiveIncomeNetOfTax": "97099000",
            "ebit": "151871000",
            "ebitda": "165134000",
            "netIncome": "124337000"
        },
        {
            "fiscalDateEnding": "2022-06-30",
            "reportedCurrency": "USD",
            "grossProfit": "270961000",
            "totalRevenue": "461004000",
            "costOfRevenue": "190043000",
            "costofGoodsAndServicesSold": "190043000",
            "operatingIncome": "141888000",
            "sellingGeneralAndAdministrative": "70668000",
            "researchAndDevelopment": "57131000",
            "operatingExpenses": "129073000",
            "investmentIncomeNet": "None",
            "netInterestIncome": "3333000",
            "interestIncome": "3333000",
            "interestExpense": "3333000",
            "nonInterestIncome": "461404000",
            "otherNonOperatingIncome": "-8000",
            "depreciation": "None",
            "depreciationAndAmortization": "9560000",
            "incomeBeforeTax": "136779000",
            "incomeTaxExpense": "22100000",
            "interestAndDebtExpense": "None",
            "netIncomeFromContinuingOperations": "114696000",
            "comprehensiveIncomeNetOfTax": "89691000",
            "ebit": "141888000",
            "ebitda": "149689000",
            "netIncome": "114679000"
        },
        {
            "fiscalDateEnding": "2022-03-31",
            "reportedCurrency": "USD",
            "grossProfit": "218880000",
            "totalRevenue": "377714000",
            "costOfRevenue": "158834000",
            "costofGoodsAndServicesSold": "158834000",
            "operatingIncome": "96134000",
            "sellingGeneralAndAdministrative": "67153000",
            "researchAndDevelopment": "54104000",
            "operatingExpenses": "122746000",
            "investmentIncomeNet": "None",
            "netInterestIncome": "3461000",
            "interestIncome": "3461000",
            "interestExpense": "3461000",
            "nonInterestIncome": "377664000",
            "otherNonOperatingIncome": "-505000",
            "depreciation": "None",
            "depreciationAndAmortization": "9115000",
            "incomeBeforeTax": "95500000",
            "incomeTaxExpense": "15934000",
            "interestAndDebtExpense": "None",
            "netIncomeFromContinuingOperations": "79566000",
            "comprehensiveIncomeNetOfTax": "73988000",
            "ebit": "96134000",
            "ebitda": "108076000",
            "netIncome": "79566000"
        },
        {
            "fiscalDateEnding": "2021-12-31",
            "reportedCurrency": "USD",
            "grossProfit": "193874000",
            "totalRevenue": "336504000",
            "costOfRevenue": "142630000",
            "costofGoodsAndServicesSold": "142630000",
            "operatingIncome": "78572000",
            "sellingGeneralAndAdministrative": "61208000",
            "researchAndDevelopment": "54514000",
            "operatingExpenses": "115302000",
            "investmentIncomeNet": "None",
            "netInterestIncome": "3535000",
            "interestIncome": "3535000",
            "interestExpense": "3535000",
            "nonInterestIncome": "336348000",
            "otherNonOperatingIncome": "459000",
            "depreciation": "None",
            "depreciationAndAmortization": "8323000",
            "incomeBeforeTax": "81963000",
            "incomeTaxExpense": "9292000",
            "interestAndDebtExpense": "None",
            "netIncomeFromContinuingOperations": "72671000",
            "comprehensiveIncomeNetOfTax": "76889000",
            "ebit": "78572000",
            "ebitda": "93821000",
            "netIncome": "72671000"
        },
        {
            "fiscalDateEnding": "2021-09-30",
            "reportedCurrency": "USD",
            "grossProfit": "186311000",
            "totalRevenue": "323522000",
            "costOfRevenue": "137211000",
            "costofGoodsAndServicesSold": "137211000",
            "operatingIncome": "77131000",
            "sellingGeneralAndAdministrative": "56291000",
            "researchAndDevelopment": "49468000",
            "operatingExpenses": "109180000",
            "investmentIncomeNet": "None",
            "netInterestIncome": "3050000",
            "interestIncome": "3050000",
            "interestExpense": "3050000",
            "nonInterestIncome": "323351000",
            "otherNonOperatingIncome": "18000",
            "depreciation": "None",
            "depreciationAndAmortization": "7727000",
            "incomeBeforeTax": "77970000",
            "incomeTaxExpense": "9200000",
            "interestAndDebtExpense": "None",
            "netIncomeFromContinuingOperations": "68770000",
            "comprehensiveIncomeNetOfTax": "68131000",
            "ebit": "77131000",
            "ebitda": "88701000",
            "netIncome": "68770000"
        },
        {
            "fiscalDateEnding": "2021-06-30",
            "reportedCurrency": "USD",
            "grossProfit": "164215000",
            "totalRevenue": "293317000",
            "costOfRevenue": "129102000",
            "costofGoodsAndServicesSold": "129102000",
            "operatingIncome": "60628000",
            "sellingGeneralAndAdministrative": "57238000",
            "researchAndDevelopment": "44753000",
            "operatingExpenses": "103587000",
            "investmentIncomeNet": "None",
            "netInterestIncome": "2770000",
            "interestIncome": "2770000",
            "interestExpense": "2770000",
            "nonInterestIncome": "292929000",
            "otherNonOperatingIncome": "0",
            "depreciation": "None",
            "depreciationAndAmortization": "7120000",
            "incomeBeforeTax": "63659000",
            "incomeTaxExpense": "8490000",
            "interestAndDebtExpense": "None",
            "netIncomeFromContinuingOperations": "55169000",
            "comprehensiveIncomeNetOfTax": "60458000",
            "ebit": "60628000",
            "ebitda": "73549000",
            "netIncome": "55169000"
        },
        {
            "fiscalDateEnding": "2021-03-31",
            "reportedCurrency": "USD",
            "grossProfit": "141059000",
            "totalRevenue": "254455000",
            "costOfRevenue": "113396000",
            "costofGoodsAndServicesSold": "113396000",
            "operatingIncome": "46086000",
            "sellingGeneralAndAdministrative": "51453000",
            "researchAndDevelopment": "41892000",
            "operatingExpenses": "94973000",
            "investmentIncomeNet": "None",
            "netInterestIncome": "2282000",
            "interestIncome": "2282000",
            "interestExpense": "2282000",
            "nonInterestIncome": "254470000",
            "otherNonOperatingIncome": "-74000",
            "depreciation": "None",
            "depreciationAndAmortization": "5529000",
            "incomeBeforeTax": "48673000",
            "incomeTaxExpense": "3260000",
            "interestAndDebtExpense": "None",
            "netIncomeFromContinuingOperations": "45413000",
            "comprehensiveIncomeNetOfTax": "42285000",
            "ebit": "46086000",
            "ebitda": "56484000",
            "netIncome": "45413000"
        },
        {
            "fiscalDateEnding": "2020-12-31",
            "reportedCurrency": "USD",
            "grossProfit": "128874000",
            "totalRevenue": "233043000",
            "costOfRevenue": "104169000",
            "costofGoodsAndServicesSold": "104169000",
            "operatingIncome": "39962000",
            "sellingGeneralAndAdministrative": "45120000",
            "researchAndDevelopment": "42252000",
            "operatingExpenses": "88912000",
            "investmentIncomeNet": "None",
            "netInterestIncome": "2254000",
            "interestIncome": "2254000",
            "interestExpense": "2254000",
            "nonInterestIncome": "232583000",
            "otherNonOperatingIncome": "1290000",
            "depreciation": "None",
            "depreciationAndAmortization": "5401000",
            "incomeBeforeTax": "44442000",
            "incomeTaxExpense": "1555000",
            "interestAndDebtExpense": "None",
            "netIncomeFromContinuingOperations": "42887000",
            "comprehensiveIncomeNetOfTax": "50543000",
            "ebit": "39962000",
            "ebitda": "52097000",
            "netIncome": "42887000"
        },
        {
            "fiscalDateEnding": "2020-09-30",
            "reportedCurrency": "USD",
            "grossProfit": "143040000",
            "totalRevenue": "259422000",
            "costOfRevenue": "116382000",
            "costofGoodsAndServicesSold": "116382000",
            "operatingIncome": "59979000",
            "sellingGeneralAndAdministrative": "43503000",
            "researchAndDevelopment": "37717000",
            "operatingExpenses": "83061000",
            "investmentIncomeNet": "None",
            "netInterestIncome": "2311000",
            "interestIncome": "2311000",
            "interestExpense": "2311000",
            "nonInterestIncome": "258663000",
            "otherNonOperatingIncome": "207000",
            "depreciation": "None",
            "depreciationAndAmortization": "4956000",
            "incomeBeforeTax": "62473000",
            "incomeTaxExpense": "6907000",
            "interestAndDebtExpense": "None",
            "netIncomeFromContinuingOperations": "55566000",
            "comprehensiveIncomeNetOfTax": "62134000",
            "ebit": "59979000",
            "ebitda": "69740000",
            "netIncome": "55566000"
        },
        {
            "fiscalDateEnding": "2020-06-30",
            "reportedCurrency": "USD",
            "grossProfit": "102593000",
            "totalRevenue": "186209000",
            "costOfRevenue": "83616000",
            "costofGoodsAndServicesSold": "83616000",
            "operatingIncome": "27955000",
            "sellingGeneralAndAdministrative": "40883000",
            "researchAndDevelopment": "31673000",
            "operatingExpenses": "74638000",
            "investmentIncomeNet": "None",
            "netInterestIncome": "2388000",
            "interestIncome": "2388000",
            "interestExpense": "2388000",
            "nonInterestIncome": "186076000",
            "otherNonOperatingIncome": "0",
            "depreciation": "None",
            "depreciationAndAmortization": "4501000",
            "incomeBeforeTax": "33167000",
            "incomeTaxExpense": "3000000",
            "interestAndDebtExpense": "None",
            "netIncomeFromContinuingOperations": "30167000",
            "comprehensiveIncomeNetOfTax": "36094000",
            "ebit": "27955000",
            "ebitda": "40044000",
            "netIncome": "30167000"
        },
        {
            "fiscalDateEnding": "2020-03-31",
            "reportedCurrency": "USD",
            "grossProfit": "91447000",
            "totalRevenue": "165778000",
            "costOfRevenue": "74331000",
            "costofGoodsAndServicesSold": "74331000",
            "operatingIncome": "30986000",
            "sellingGeneralAndAdministrative": "32164000",
            "researchAndDevelopment": "25956000",
            "operatingExpenses": "60461000",
            "investmentIncomeNet": "None",
            "netInterestIncome": "2374000",
            "interestIncome": "2374000",
            "interestExpense": "2374000",
            "nonInterestIncome": "165782000",
            "otherNonOperatingIncome": "153000",
            "depreciation": "None",
            "depreciationAndAmortization": "4328000",
            "incomeBeforeTax": "29272000",
            "incomeTaxExpense": "-6484000",
            "interestAndDebtExpense": "None",
            "netIncomeFromContinuingOperations": "35756000",
            "comprehensiveIncomeNetOfTax": "31221000",
            "ebit": "30986000",
            "ebitda": "35974000",
            "netIncome": "35756000"
        },
        {
            "fiscalDateEnding": "2019-12-31",
            "reportedCurrency": "USD",
            "grossProfit": "91936000",
            "totalRevenue": "166738000",
            "costOfRevenue": "74802000",
            "costofGoodsAndServicesSold": "74802000",
            "operatingIncome": "30694000",
            "sellingGeneralAndAdministrative": "33240000",
            "researchAndDevelopment": "27011000",
            "operatingExpenses": "61242000",
            "investmentIncomeNet": "None",
            "netInterestIncome": "2098000",
            "interestIncome": "2098000",
            "interestExpense": "2098000",
            "nonInterestIncome": "166738000",
            "otherNonOperatingIncome": "159000",
            "depreciation": "None",
            "depreciationAndAmortization": "4050000",
            "incomeBeforeTax": "33425000",
            "incomeTaxExpense": "989000",
            "interestAndDebtExpense": "None",
            "netIncomeFromContinuingOperations": "32436000",
            "comprehensiveIncomeNetOfTax": "37000000",
            "ebit": "30694000",
            "ebitda": "39573000",
            "netIncome": "32436000"
        },
        {
            "fiscalDateEnding": "2019-09-30",
            "reportedCurrency": "USD",
            "grossProfit": "93158000",
            "totalRevenue": "168813000",
            "costOfRevenue": "75655000",
            "costofGoodsAndServicesSold": "75655000",
            "operatingIncome": "30032000",
            "sellingGeneralAndAdministrative": "34692000",
            "researchAndDevelopment": "27742000",
            "operatingExpenses": "63126000",
            "investmentIncomeNet": "None",
            "netInterestIncome": "1850000",
            "interestIncome": "1850000",
            "interestExpense": "None",
            "nonInterestIncome": "168988000",
            "otherNonOperatingIncome": "326000",
            "depreciation": "None",
            "depreciationAndAmortization": "3823000",
            "incomeBeforeTax": "32289000",
            "incomeTaxExpense": "2761000",
            "interestAndDebtExpense": "None",
            "netIncomeFromContinuingOperations": "29489000",
            "comprehensiveIncomeNetOfTax": "23627000",
            "ebit": "30032000",
            "ebitda": "36112000",
            "netIncome": "29528000"
        },
        {
            "fiscalDateEnding": "2019-07-10",
            "reportedCurrency": "USD",
            "grossProfit": "83225000",
            "totalRevenue": "151007000",
            "costOfRevenue": "67782000",
            "costofGoodsAndServicesSold": "67782000",
            "operatingIncome": "20119000",
            "sellingGeneralAndAdministrative": "35058000",
            "researchAndDevelopment": "27545000",
            "operatingExpenses": "62603000",
            "investmentIncomeNet": "None",
            "netInterestIncome": "1661000",
            "interestIncome": "1661000",
            "interestExpense": "None",
            "nonInterestIncome": "None",
            "otherNonOperatingIncome": "2229000",
            "depreciation": "None",
            "depreciationAndAmortization": "3739000",
            "incomeBeforeTax": "-25058000",
            "incomeTaxExpense": "1623000",
            "interestAndDebtExpense": "None",
            "netIncomeFromContinuingOperations": "-26681000",
            "comprehensiveIncomeNetOfTax": "-31184000",
            "ebit": "22348000",
            "ebitda": "26087000",
            "netIncome": "-26681000"
        },
        {
            "fiscalDateEnding": "2019-03-31",
            "reportedCurrency": "USD",
            "grossProfit": "78006000",
            "totalRevenue": "141363000",
            "costOfRevenue": "63357000",
            "costofGoodsAndServicesSold": "63357000",
            "operatingIncome": "21717000",
            "sellingGeneralAndAdministrative": "30553000",
            "researchAndDevelopment": "25458000",
            "operatingExpenses": "56289000",
            "investmentIncomeNet": "None",
            "netInterestIncome": "1696000",
            "interestIncome": "1696000",
            "interestExpense": "None",
            "nonInterestIncome": "141148000",
            "otherNonOperatingIncome": "32000",
            "depreciation": "None",
            "depreciationAndAmortization": "3255000",
            "incomeBeforeTax": "25058000",
            "incomeTaxExpense": "-1123000",
            "interestAndDebtExpense": "None",
            "netIncomeFromContinuingOperations": "26181000",
            "comprehensiveIncomeNetOfTax": "30684000",
            "ebit": "21717000",
            "ebitda": "28313000",
            "netIncome": "26181000"
        },
        {
            "fiscalDateEnding": "2018-12-31",
            "reportedCurrency": "USD",
            "grossProfit": "84593000",
            "totalRevenue": "153497000",
            "costOfRevenue": "68904000",
            "costofGoodsAndServicesSold": "68904000",
            "operatingIncome": "33077000",
            "sellingGeneralAndAdministrative": "28372000",
            "researchAndDevelopment": "22735000",
            "operatingExpenses": "51516000",
            "investmentIncomeNet": "None",
            "netInterestIncome": "None",
            "interestIncome": "None",
            "interestExpense": "393000",
            "nonInterestIncome": "153497000",
            "otherNonOperatingIncome": "-393000",
            "depreciation": "None",
            "depreciationAndAmortization": "3253000",
            "incomeBeforeTax": "32684000",
            "incomeTaxExpense": "5046000",
            "interestAndDebtExpense": "None",
            "netIncomeFromContinuingOperations": "27638000",
            "comprehensiveIncomeNetOfTax": "27835000",
            "ebit": "33077000",
            "ebitda": "35937000",
            "netIncome": "27638000"
        },
        {
            "fiscalDateEnding": "2018-09-30",
            "reportedCurrency": "USD",
            "grossProfit": "89018000",
            "totalRevenue": "159975000",
            "costOfRevenue": "70957000",
            "costofGoodsAndServicesSold": "70957000",
            "operatingIncome": "33493000",
            "sellingGeneralAndAdministrative": "29552000",
            "researchAndDevelopment": "25630000",
            "operatingExpenses": "55525000",
            "investmentIncomeNet": "None",
            "netInterestIncome": "None",
            "interestIncome": "None",
            "interestExpense": "393000",
            "nonInterestIncome": "160675000",
            "otherNonOperatingIncome": "28000",
            "depreciation": "None",
            "depreciationAndAmortization": "3228000",
            "incomeBeforeTax": "36207000",
            "incomeTaxExpense": "4639000",
            "interestAndDebtExpense": "None",
            "netIncomeFromContinuingOperations": "31568000",
            "comprehensiveIncomeNetOfTax": "27533000",
            "ebit": "33493000",
            "ebitda": "39435000",
            "netIncome": "31568000"
        },
        {
            "fiscalDateEnding": "2018-06-30",
            "reportedCurrency": "USD",
            "grossProfit": "77564000",
            "totalRevenue": "139761000",
            "costOfRevenue": "62197000",
            "costofGoodsAndServicesSold": "62197000",
            "operatingIncome": "24882000",
            "sellingGeneralAndAdministrative": "28561000",
            "researchAndDevelopment": "23481000",
            "operatingExpenses": "52682000",
            "investmentIncomeNet": "None",
            "netInterestIncome": "None",
            "interestIncome": "None",
            "interestExpense": "393000",
            "nonInterestIncome": "140375000",
            "otherNonOperatingIncome": "10000",
            "depreciation": "None",
            "depreciationAndAmortization": "3075000",
            "incomeBeforeTax": "27114000",
            "incomeTaxExpense": "2908000",
            "interestAndDebtExpense": "None",
            "netIncomeFromContinuingOperations": "24206000",
            "comprehensiveIncomeNetOfTax": "17459000",
            "ebit": "24882000",
            "ebitda": "30189000",
            "netIncome": "24206000"
        },
        {
            "fiscalDateEnding": "2018-03-31",
            "reportedCurrency": "USD",
            "grossProfit": "71495000",
            "totalRevenue": "129150000",
            "costOfRevenue": "57655000",
            "costofGoodsAndServicesSold": "57655000",
            "operatingIncome": "22037000",
            "sellingGeneralAndAdministrative": "27318000",
            "researchAndDevelopment": "21609000",
            "operatingExpenses": "49458000",
            "investmentIncomeNet": "None",
            "netInterestIncome": "None",
            "interestIncome": "None",
            "interestExpense": "393000",
            "nonInterestIncome": "128751000",
            "otherNonOperatingIncome": "440000",
            "depreciation": "None",
            "depreciationAndAmortization": "2755000",
            "incomeBeforeTax": "22477000",
            "incomeTaxExpense": "621000",
            "interestAndDebtExpense": "None",
            "netIncomeFromContinuingOperations": "21856000",
            "comprehensiveIncomeNetOfTax": "25085000",
            "ebit": "22037000",
            "ebitda": "25232000",
            "netIncome": "21856000"
        }
    ]
}