{
    "symbol": "NDAQ",
    "annualReports": [
        {
            "fiscalDateEnding": "2022-12-31",
            "reportedCurrency": "USD",
            "grossProfit": "3582000000",
            "totalRevenue": "6226000000",
            "costOfRevenue": "2644000000",
            "costofGoodsAndServicesSold": "3647000000",
            "operatingIncome": "1564000000",
            "sellingGeneralAndAdministrative": "176000000",
            "researchAndDevelopment": "None",
            "operatingExpenses": "2018000000",
            "investmentIncomeNet": "7000000",
            "netInterestIncome": "-129000000",
            "interestIncome": "7000000",
            "interestExpense": "129000000",
            "nonInterestIncome": "6210000000",
            "otherNonOperatingIncome": "2000000",
            "depreciation": "None",
            "depreciationAndAmortization": "258000000",
            "incomeBeforeTax": "1477000000",
            "incomeTaxExpense": "352000000",
            "interestAndDebtExpense": "145000000",
            "netIncomeFromContinuingOperations": "1123000000",
            "comprehensiveIncomeNetOfTax": "721000000",
            "ebit": "1606000000",
            "ebitda": "1864000000",
            "netIncome": "1125000000"
        },
        {
            "fiscalDateEnding": "2021-12-31",
            "reportedCurrency": "USD",
            "grossProfit": "3420000000",
            "totalRevenue": "5886000000",
            "costOfRevenue": "2466000000",
            "costofGoodsAndServicesSold": "3404000000",
            "operatingIncome": "1441000000",
            "sellingGeneralAndAdministrative": "142000000",
            "researchAndDevelopment": "None",
            "operatingExpenses": "1979000000",
            "investmentIncomeNet": "1000000",
            "netInterestIncome": "-125000000",
            "interestIncome": "1000000",
            "interestExpense": "125000000",
            "nonInterestIncome": "5937000000",
            "otherNonOperatingIncome": "81000000",
            "depreciation": "None",
            "depreciationAndAmortization": "278000000",
            "incomeBeforeTax": "1534000000",
            "incomeTaxExpense": "347000000",
            "interestAndDebtExpense": "158000000",
            "netIncomeFromContinuingOperations": "1187000000",
            "comprehensiveIncomeNetOfTax": "968000000",
            "ebit": "1659000000",
            "ebitda": "1937000000",
            "netIncome": "1187000000"
        },
        {
            "fiscalDateEnding": "2020-12-31",
            "reportedCurrency": "USD",
            "grossProfit": "2903000000",
            "totalRevenue": "5625000000",
            "costOfRevenue": "2722000000",
            "costofGoodsAndServicesSold": "3510000000",
            "operatingIncome": "1234000000",
            "sellingGeneralAndAdministrative": "181000000",
            "researchAndDevelopment": "None",
            "operatingExpenses": "1669000000",
            "investmentIncomeNet": "4000000",
            "netInterestIncome": "-101000000",
            "interestIncome": "4000000",
            "interestExpense": "101000000",
            "nonInterestIncome": "5591000000",
            "otherNonOperatingIncome": "5000000",
            "depreciation": "None",
            "depreciationAndAmortization": "202000000",
            "incomeBeforeTax": "1212000000",
            "incomeTaxExpense": "279000000",
            "interestAndDebtExpense": "137000000",
            "netIncomeFromContinuingOperations": "933000000",
            "comprehensiveIncomeNetOfTax": "1251000000",
            "ebit": "1313000000",
            "ebitda": "1515000000",
            "netIncome": "933000000"
        },
        {
            "fiscalDateEnding": "2019-12-31",
            "reportedCurrency": "USD",
            "grossProfit": "2535000000",
            "totalRevenue": "4258000000",
            "costOfRevenue": "1723000000",
            "costofGoodsAndServicesSold": "2434000000",
            "operatingIncome": "1017000000",
            "sellingGeneralAndAdministrative": "164000000",
            "researchAndDevelopment": "None",
            "operatingExpenses": "1518000000",
            "investmentIncomeNet": "10000000",
            "netInterestIncome": "-124000000",
            "interestIncome": "10000000",
            "interestExpense": "124000000",
            "nonInterestIncome": "4289000000",
            "otherNonOperatingIncome": "5000000",
            "depreciation": "None",
            "depreciationAndAmortization": "190000000",
            "incomeBeforeTax": "1019000000",
            "incomeTaxExpense": "245000000",
            "interestAndDebtExpense": "124000000",
            "netIncomeFromContinuingOperations": "774000000",
            "comprehensiveIncomeNetOfTax": "618000000",
            "ebit": "1143000000",
            "ebitda": "1333000000",
            "netIncome": "774000000"
        },
        {
            "fiscalDateEnding": "2018-12-31",
            "reportedCurrency": "USD",
            "grossProfit": "2526000000",
            "totalRevenue": "4277000000",
            "costOfRevenue": "1751000000",
            "costofGoodsAndServicesSold": "2463000000",
            "operatingIncome": "1028000000",
            "sellingGeneralAndAdministrative": "157000000",
            "researchAndDevelopment": "None",
            "operatingExpenses": "1498000000",
            "investmentIncomeNet": "10000000",
            "netInterestIncome": "-150000000",
            "interestIncome": "10000000",
            "interestExpense": "150000000",
            "nonInterestIncome": "4310000000",
            "otherNonOperatingIncome": "7000000",
            "depreciation": "None",
            "depreciationAndAmortization": "210000000",
            "incomeBeforeTax": "1064000000",
            "incomeTaxExpense": "606000000",
            "interestAndDebtExpense": "150000000",
            "netIncomeFromContinuingOperations": "458000000",
            "comprehensiveIncomeNetOfTax": "207000000",
            "ebit": "1214000000",
            "ebitda": "1424000000",
            "netIncome": "458000000"
        }
    ],
    "quarterlyReports": [
        {
            "fiscalDateEnding": "2022-12-31",
            "reportedCurrency": "USD",
            "grossProfit": "907000000",
            "totalRevenue": "1582000000",
            "costOfRevenue": "675000000",
            "costofGoodsAndServicesSold": "928000000",
            "operatingIncome": "349000000",
            "sellingGeneralAndAdministrative": "51000000",
            "researchAndDevelopment": "None",
            "operatingExpenses": "558000000",
            "investmentIncomeNet": "4000000",
            "netInterestIncome": "-33000000",
            "interestIncome": "4000000",
            "interestExpense": "33000000",
            "nonInterestIncome": "1582000000",
            "otherNonOperatingIncome": "-6000000",
            "depreciation": "None",
            "depreciationAndAmortization": "63000000",
            "incomeBeforeTax": "323000000",
            "incomeTaxExpense": "82000000",
            "interestAndDebtExpense": "33000000",
            "netIncomeFromContinuingOperations": "240000000",
            "comprehensiveIncomeNetOfTax": "342000000",
            "ebit": "356000000",
            "ebitda": "419000000",
            "netIncome": "241000000"
        },
        {
            "fiscalDateEnding": "2022-09-30",
            "reportedCurrency": "USD",
            "grossProfit": "890000000",
            "totalRevenue": "1557000000",
            "costOfRevenue": "667000000",
            "costofGoodsAndServicesSold": "916000000",
            "operatingIncome": "398000000",
            "sellingGeneralAndAdministrative": "48000000",
            "researchAndDevelopment": "None",
            "operatingExpenses": "492000000",
            "investmentIncomeNet": "2000000",
            "netInterestIncome": "-32000000",
            "interestIncome": "2000000",
            "interestExpense": "32000000",
            "nonInterestIncome": "1557000000",
            "otherNonOperatingIncome": "6000000",
            "depreciation": "None",
            "depreciationAndAmortization": "63000000",
            "incomeBeforeTax": "382000000",
            "incomeTaxExpense": "88000000",
            "interestAndDebtExpense": "32000000",
            "netIncomeFromContinuingOperations": "294000000",
            "comprehensiveIncomeNetOfTax": "107000000",
            "ebit": "414000000",
            "ebitda": "477000000",
            "netIncome": "294000000"
        },
        {
            "fiscalDateEnding": "2022-06-30",
            "reportedCurrency": "USD",
            "grossProfit": "893000000",
            "totalRevenue": "1552000000",
            "costOfRevenue": "659000000",
            "costofGoodsAndServicesSold": "906000000",
            "operatingIncome": "412000000",
            "sellingGeneralAndAdministrative": "45000000",
            "researchAndDevelopment": "None",
            "operatingExpenses": "481000000",
            "investmentIncomeNet": "None",
            "netInterestIncome": "-32000000",
            "interestIncome": "None",
            "interestExpense": "32000000",
            "nonInterestIncome": "1552000000",
            "otherNonOperatingIncome": "8000000",
            "depreciation": "None",
            "depreciationAndAmortization": "65000000",
            "incomeBeforeTax": "397000000",
            "incomeTaxExpense": "90000000",
            "interestAndDebtExpense": "32000000",
            "netIncomeFromContinuingOperations": "307000000",
            "comprehensiveIncomeNetOfTax": "72000000",
            "ebit": "429000000",
            "ebitda": "494000000",
            "netIncome": "307000000"
        },
        {
            "fiscalDateEnding": "2022-03-31",
            "reportedCurrency": "USD",
            "grossProfit": "892000000",
            "totalRevenue": "1535000000",
            "costOfRevenue": "643000000",
            "costofGoodsAndServicesSold": "897000000",
            "operatingIncome": "405000000",
            "sellingGeneralAndAdministrative": "31000000",
            "researchAndDevelopment": "None",
            "operatingExpenses": "487000000",
            "investmentIncomeNet": "None",
            "netInterestIncome": "-32000000",
            "interestIncome": "None",
            "interestExpense": "32000000",
            "nonInterestIncome": "1535000000",
            "otherNonOperatingIncome": "-6000000",
            "depreciation": "None",
            "depreciationAndAmortization": "67000000",
            "incomeBeforeTax": "375000000",
            "incomeTaxExpense": "91000000",
            "interestAndDebtExpense": "32000000",
            "netIncomeFromContinuingOperations": "283000000",
            "comprehensiveIncomeNetOfTax": "201000000",
            "ebit": "407000000",
            "ebitda": "474000000",
            "netIncome": "284000000"
        },
        {
            "fiscalDateEnding": "2021-12-31",
            "reportedCurrency": "USD",
            "grossProfit": "886000000",
            "totalRevenue": "1467000000",
            "costOfRevenue": "581000000",
            "costofGoodsAndServicesSold": "819000000",
            "operatingIncome": "344000000",
            "sellingGeneralAndAdministrative": "44000000",
            "researchAndDevelopment": "None",
            "operatingExpenses": "542000000",
            "investmentIncomeNet": "0",
            "netInterestIncome": "-30000000",
            "interestIncome": "None",
            "interestExpense": "30000000",
            "nonInterestIncome": "1467000000",
            "otherNonOperatingIncome": "38000000",
            "depreciation": "None",
            "depreciationAndAmortization": "81000000",
            "incomeBeforeTax": "314000000",
            "incomeTaxExpense": "55000000",
            "interestAndDebtExpense": "30000000",
            "netIncomeFromContinuingOperations": "259000000",
            "comprehensiveIncomeNetOfTax": "183000000",
            "ebit": "344000000",
            "ebitda": "425000000",
            "netIncome": "259000000"
        },
        {
            "fiscalDateEnding": "2021-09-30",
            "reportedCurrency": "USD",
            "grossProfit": "838000000",
            "totalRevenue": "1357000000",
            "costOfRevenue": "519000000",
            "costofGoodsAndServicesSold": "749000000",
            "operatingIncome": "356000000",
            "sellingGeneralAndAdministrative": "54000000",
            "researchAndDevelopment": "None",
            "operatingExpenses": "482000000",
            "investmentIncomeNet": "0",
            "netInterestIncome": "-33000000",
            "interestIncome": "None",
            "interestExpense": "33000000",
            "nonInterestIncome": "1357000000",
            "otherNonOperatingIncome": "42000000",
            "depreciation": "None",
            "depreciationAndAmortization": "67000000",
            "incomeBeforeTax": "371000000",
            "incomeTaxExpense": "83000000",
            "interestAndDebtExpense": "33000000",
            "netIncomeFromContinuingOperations": "288000000",
            "comprehensiveIncomeNetOfTax": "229000000",
            "ebit": "404000000",
            "ebitda": "471000000",
            "netIncome": "288000000"
        },
        {
            "fiscalDateEnding": "2021-06-30",
            "reportedCurrency": "USD",
            "grossProfit": "846000000",
            "totalRevenue": "1412000000",
            "costOfRevenue": "566000000",
            "costofGoodsAndServicesSold": "797000000",
            "operatingIncome": "376000000",
            "sellingGeneralAndAdministrative": "21000000",
            "researchAndDevelopment": "None",
            "operatingExpenses": "470000000",
            "investmentIncomeNet": "0",
            "netInterestIncome": "-33000000",
            "interestIncome": "None",
            "interestExpense": "33000000",
            "nonInterestIncome": "1496000000",
            "otherNonOperatingIncome": "0",
            "depreciation": "None",
            "depreciationAndAmortization": "68000000",
            "incomeBeforeTax": "454000000",
            "incomeTaxExpense": "113000000",
            "interestAndDebtExpense": "33000000",
            "netIncomeFromContinuingOperations": "341000000",
            "comprehensiveIncomeNetOfTax": "394000000",
            "ebit": "487000000",
            "ebitda": "555000000",
            "netIncome": "341000000"
        },
        {
            "fiscalDateEnding": "2021-03-31",
            "reportedCurrency": "USD",
            "grossProfit": "851000000",
            "totalRevenue": "1651000000",
            "costOfRevenue": "800000000",
            "costofGoodsAndServicesSold": "1040000000",
            "operatingIncome": "365000000",
            "sellingGeneralAndAdministrative": "23000000",
            "researchAndDevelopment": "None",
            "operatingExpenses": "486000000",
            "investmentIncomeNet": "1000000",
            "netInterestIncome": "-29000000",
            "interestIncome": "1000000",
            "interestExpense": "29000000",
            "nonInterestIncome": "1652000000",
            "otherNonOperatingIncome": "1000000",
            "depreciation": "None",
            "depreciationAndAmortization": "63000000",
            "incomeBeforeTax": "395000000",
            "incomeTaxExpense": "97000000",
            "interestAndDebtExpense": "29000000",
            "netIncomeFromContinuingOperations": "298000000",
            "comprehensiveIncomeNetOfTax": "161000000",
            "ebit": "424000000",
            "ebitda": "487000000",
            "netIncome": "298000000"
        },
        {
            "fiscalDateEnding": "2020-12-31",
            "reportedCurrency": "USD",
            "grossProfit": "788000000",
            "totalRevenue": "1462000000",
            "costOfRevenue": "674000000",
            "costofGoodsAndServicesSold": "878000000",
            "operatingIncome": "318000000",
            "sellingGeneralAndAdministrative": "62000000",
            "researchAndDevelopment": "None",
            "operatingExpenses": "470000000",
            "investmentIncomeNet": "0",
            "netInterestIncome": "-24000000",
            "interestIncome": "None",
            "interestExpense": "24000000",
            "nonInterestIncome": "1462000000",
            "otherNonOperatingIncome": "0",
            "depreciation": "None",
            "depreciationAndAmortization": "53000000",
            "incomeBeforeTax": "267000000",
            "incomeTaxExpense": "42000000",
            "interestAndDebtExpense": "24000000",
            "netIncomeFromContinuingOperations": "225000000",
            "comprehensiveIncomeNetOfTax": "489000000",
            "ebit": "291000000",
            "ebitda": "344000000",
            "netIncome": "225000000"
        },
        {
            "fiscalDateEnding": "2020-09-30",
            "reportedCurrency": "USD",
            "grossProfit": "715000000",
            "totalRevenue": "1413000000",
            "costOfRevenue": "698000000",
            "costofGoodsAndServicesSold": "897000000",
            "operatingIncome": "326000000",
            "sellingGeneralAndAdministrative": "20000000",
            "researchAndDevelopment": "None",
            "operatingExpenses": "389000000",
            "investmentIncomeNet": "1000000",
            "netInterestIncome": "-24000000",
            "interestIncome": "None",
            "interestExpense": "24000000",
            "nonInterestIncome": "1414000000",
            "otherNonOperatingIncome": "1000000",
            "depreciation": "None",
            "depreciationAndAmortization": "51000000",
            "incomeBeforeTax": "357000000",
            "incomeTaxExpense": "93000000",
            "interestAndDebtExpense": "24000000",
            "netIncomeFromContinuingOperations": "264000000",
            "comprehensiveIncomeNetOfTax": "347000000",
            "ebit": "381000000",
            "ebitda": "432000000",
            "netIncome": "264000000"
        },
        {
            "fiscalDateEnding": "2020-06-30",
            "reportedCurrency": "USD",
            "grossProfit": "699000000",
            "totalRevenue": "1398000000",
            "costOfRevenue": "699000000",
            "costofGoodsAndServicesSold": "888000000",
            "operatingIncome": "315000000",
            "sellingGeneralAndAdministrative": "29000000",
            "researchAndDevelopment": "None",
            "operatingExpenses": "384000000",
            "investmentIncomeNet": "1000000",
            "netInterestIncome": "-26000000",
            "interestIncome": "1000000",
            "interestExpense": "26000000",
            "nonInterestIncome": "1398000000",
            "otherNonOperatingIncome": "0",
            "depreciation": "None",
            "depreciationAndAmortization": "50000000",
            "incomeBeforeTax": "316000000",
            "incomeTaxExpense": "75000000",
            "interestAndDebtExpense": "26000000",
            "netIncomeFromContinuingOperations": "241000000",
            "comprehensiveIncomeNetOfTax": "435000000",
            "ebit": "342000000",
            "ebitda": "392000000",
            "netIncome": "241000000"
        },
        {
            "fiscalDateEnding": "2020-03-31",
            "reportedCurrency": "USD",
            "grossProfit": "701000000",
            "totalRevenue": "1353000000",
            "costOfRevenue": "652000000",
            "costofGoodsAndServicesSold": "847000000",
            "operatingIncome": "275000000",
            "sellingGeneralAndAdministrative": "70000000",
            "researchAndDevelopment": "None",
            "operatingExpenses": "426000000",
            "investmentIncomeNet": "2000000",
            "netInterestIncome": "-26000000",
            "interestIncome": "2000000",
            "interestExpense": "26000000",
            "nonInterestIncome": "1317000000",
            "otherNonOperatingIncome": "5000000",
            "depreciation": "None",
            "depreciationAndAmortization": "48000000",
            "incomeBeforeTax": "273000000",
            "incomeTaxExpense": "70000000",
            "interestAndDebtExpense": "62000000",
            "netIncomeFromContinuingOperations": "203000000",
            "comprehensiveIncomeNetOfTax": "-20000000",
            "ebit": "299000000",
            "ebitda": "347000000",
            "netIncome": "203000000"
        },
        {
            "fiscalDateEnding": "2019-12-31",
            "reportedCurrency": "USD",
            "grossProfit": "646000000",
            "totalRevenue": "1061000000",
            "costOfRevenue": "415000000",
            "costofGoodsAndServicesSold": "608000000",
            "operatingIncome": "260000000",
            "sellingGeneralAndAdministrative": "40000000",
            "researchAndDevelopment": "None",
            "operatingExpenses": "386000000",
            "investmentIncomeNet": "2000000",
            "netInterestIncome": "-27000000",
            "interestIncome": "2000000",
            "interestExpense": "27000000",
            "nonInterestIncome": "1065000000",
            "otherNonOperatingIncome": "4000000",
            "depreciation": "None",
            "depreciationAndAmortization": "47000000",
            "incomeBeforeTax": "252000000",
            "incomeTaxExpense": "49000000",
            "interestAndDebtExpense": "27000000",
            "netIncomeFromContinuingOperations": "203000000",
            "comprehensiveIncomeNetOfTax": "350000000",
            "ebit": "279000000",
            "ebitda": "326000000",
            "netIncome": "203000000"
        },
        {
            "fiscalDateEnding": "2019-09-30",
            "reportedCurrency": "USD",
            "grossProfit": "632000000",
            "totalRevenue": "1096000000",
            "costOfRevenue": "464000000",
            "costofGoodsAndServicesSold": "639000000",
            "operatingIncome": "226000000",
            "sellingGeneralAndAdministrative": "48000000",
            "researchAndDevelopment": "None",
            "operatingExpenses": "406000000",
            "investmentIncomeNet": "3000000",
            "netInterestIncome": "-29000000",
            "interestIncome": "3000000",
            "interestExpense": "29000000",
            "nonInterestIncome": "1096000000",
            "otherNonOperatingIncome": "0",
            "depreciation": "None",
            "depreciationAndAmortization": "47000000",
            "incomeBeforeTax": "215000000",
            "incomeTaxExpense": "65000000",
            "interestAndDebtExpense": "29000000",
            "netIncomeFromContinuingOperations": "150000000",
            "comprehensiveIncomeNetOfTax": "-17000000",
            "ebit": "244000000",
            "ebitda": "291000000",
            "netIncome": "150000000"
        },
        {
            "fiscalDateEnding": "2019-06-30",
            "reportedCurrency": "USD",
            "grossProfit": "623000000",
            "totalRevenue": "1061000000",
            "costOfRevenue": "438000000",
            "costofGoodsAndServicesSold": "607000000",
            "operatingIncome": "256000000",
            "sellingGeneralAndAdministrative": "50000000",
            "researchAndDevelopment": "None",
            "operatingExpenses": "367000000",
            "investmentIncomeNet": "3000000",
            "netInterestIncome": "-31000000",
            "interestIncome": "3000000",
            "interestExpense": "31000000",
            "nonInterestIncome": "1061000000",
            "otherNonOperatingIncome": "1000000",
            "depreciation": "None",
            "depreciationAndAmortization": "48000000",
            "incomeBeforeTax": "239000000",
            "incomeTaxExpense": "65000000",
            "interestAndDebtExpense": "31000000",
            "netIncomeFromContinuingOperations": "174000000",
            "comprehensiveIncomeNetOfTax": "153000000",
            "ebit": "270000000",
            "ebitda": "318000000",
            "netIncome": "174000000"
        },
        {
            "fiscalDateEnding": "2019-03-31",
            "reportedCurrency": "USD",
            "grossProfit": "634000000",
            "totalRevenue": "1039000000",
            "costOfRevenue": "405000000",
            "costofGoodsAndServicesSold": "580000000",
            "operatingIncome": "275000000",
            "sellingGeneralAndAdministrative": "26000000",
            "researchAndDevelopment": "None",
            "operatingExpenses": "359000000",
            "investmentIncomeNet": "3000000",
            "netInterestIncome": "-37000000",
            "interestIncome": "3000000",
            "interestExpense": "37000000",
            "nonInterestIncome": "1066000000",
            "otherNonOperatingIncome": "0",
            "depreciation": "None",
            "depreciationAndAmortization": "48000000",
            "incomeBeforeTax": "313000000",
            "incomeTaxExpense": "66000000",
            "interestAndDebtExpense": "37000000",
            "netIncomeFromContinuingOperations": "247000000",
            "comprehensiveIncomeNetOfTax": "132000000",
            "ebit": "350000000",
            "ebitda": "398000000",
            "netIncome": "247000000"
        },
        {
            "fiscalDateEnding": "2018-12-31",
            "reportedCurrency": "USD",
            "grossProfit": "644000000",
            "totalRevenue": "1136000000",
            "costOfRevenue": "492000000",
            "costofGoodsAndServicesSold": "670000000",
            "operatingIncome": "241000000",
            "sellingGeneralAndAdministrative": "57000000",
            "researchAndDevelopment": "None",
            "operatingExpenses": "403000000",
            "investmentIncomeNet": "2000000",
            "netInterestIncome": "-38000000",
            "interestIncome": "None",
            "interestExpense": "38000000",
            "nonInterestIncome": "1136000000",
            "otherNonOperatingIncome": "125000000",
            "depreciation": "None",
            "depreciationAndAmortization": "51000000",
            "incomeBeforeTax": "328000000",
            "incomeTaxExpense": "372000000",
            "interestAndDebtExpense": "38000000",
            "netIncomeFromContinuingOperations": "-44000000",
            "comprehensiveIncomeNetOfTax": "27000000",
            "ebit": "366000000",
            "ebitda": "417000000",
            "netIncome": "-44000000"
        },
        {
            "fiscalDateEnding": "2018-09-30",
            "reportedCurrency": "USD",
            "grossProfit": "600000000",
            "totalRevenue": "964000000",
            "costOfRevenue": "364000000",
            "costofGoodsAndServicesSold": "528000000",
            "operatingIncome": "246000000",
            "sellingGeneralAndAdministrative": "35000000",
            "researchAndDevelopment": "None",
            "operatingExpenses": "354000000",
            "investmentIncomeNet": "3000000",
            "netInterestIncome": "-38000000",
            "interestIncome": "None",
            "interestExpense": "38000000",
            "nonInterestIncome": "956000000",
            "otherNonOperatingIncome": "1000000",
            "depreciation": "None",
            "depreciationAndAmortization": "53000000",
            "incomeBeforeTax": "209000000",
            "incomeTaxExpense": "46000000",
            "interestAndDebtExpense": "38000000",
            "netIncomeFromContinuingOperations": "163000000",
            "comprehensiveIncomeNetOfTax": "170000000",
            "ebit": "247000000",
            "ebitda": "300000000",
            "netIncome": "163000000"
        },
        {
            "fiscalDateEnding": "2018-06-30",
            "reportedCurrency": "USD",
            "grossProfit": "615000000",
            "totalRevenue": "1027000000",
            "costOfRevenue": "412000000",
            "costofGoodsAndServicesSold": "585000000",
            "operatingIncome": "269000000",
            "sellingGeneralAndAdministrative": "35000000",
            "researchAndDevelopment": "None",
            "operatingExpenses": "346000000",
            "investmentIncomeNet": "2000000",
            "netInterestIncome": "-37000000",
            "interestIncome": "None",
            "interestExpense": "37000000",
            "nonInterestIncome": "1068000000",
            "otherNonOperatingIncome": "56000000",
            "depreciation": "None",
            "depreciationAndAmortization": "53000000",
            "incomeBeforeTax": "288000000",
            "incomeTaxExpense": "126000000",
            "interestAndDebtExpense": "37000000",
            "netIncomeFromContinuingOperations": "162000000",
            "comprehensiveIncomeNetOfTax": "31000000",
            "ebit": "325000000",
            "ebitda": "378000000",
            "netIncome": "162000000"
        },
        {
            "fiscalDateEnding": "2018-03-31",
            "reportedCurrency": "USD",
            "grossProfit": "666000000",
            "totalRevenue": "1151000000",
            "costOfRevenue": "485000000",
            "costofGoodsAndServicesSold": "682000000",
            "operatingIncome": "273000000",
            "sellingGeneralAndAdministrative": "31000000",
            "researchAndDevelopment": "None",
            "operatingExpenses": "393000000",
            "investmentIncomeNet": "2000000",
            "netInterestIncome": "-38000000",
            "interestIncome": "None",
            "interestExpense": "38000000",
            "nonInterestIncome": "1151000000",
            "otherNonOperatingIncome": "4000000",
            "depreciation": "None",
            "depreciationAndAmortization": "53000000",
            "incomeBeforeTax": "239000000",
            "incomeTaxExpense": "62000000",
            "interestAndDebtExpense": "38000000",
            "netIncomeFromContinuingOperations": "177000000",
            "comprehensiveIncomeNetOfTax": "-21000000",
            "ebit": "277000000",
            "ebitda": "330000000",
            "netIncome": "177000000"
        }
    ]
}