{
    "symbol": "NSC",
    "annualReports": [
        {
            "fiscalDateEnding": "2022-12-31",
            "reportedCurrency": "USD",
            "grossProfit": "7920000000",
            "totalRevenue": "12053000000",
            "costOfRevenue": "4133000000",
            "costofGoodsAndServicesSold": "1459000000",
            "operatingIncome": "4809000000",
            "sellingGeneralAndAdministrative": "53000000",
            "researchAndDevelopment": "None",
            "operatingExpenses": "684000000",
            "investmentIncomeNet": "None",
            "netInterestIncome": "-692000000",
            "interestIncome": "692000000",
            "interestExpense": "692000000",
            "nonInterestIncome": "12745000000",
            "otherNonOperatingIncome": "13000000",
            "depreciation": "1221000000",
            "depreciationAndAmortization": "1221000000",
            "incomeBeforeTax": "4130000000",
            "incomeTaxExpense": "860000000",
            "interestAndDebtExpense": "692000000",
            "netIncomeFromContinuingOperations": "3270000000",
            "comprehensiveIncomeNetOfTax": "3321000000",
            "ebit": "4822000000",
            "ebitda": "6043000000",
            "netIncome": "3270000000"
        },
        {
            "fiscalDateEnding": "2021-12-31",
            "reportedCurrency": "USD",
            "grossProfit": "7201000000",
            "totalRevenue": "10496000000",
            "costOfRevenue": "3295000000",
            "costofGoodsAndServicesSold": "799000000",
            "operatingIncome": "4447000000",
            "sellingGeneralAndAdministrative": "54000000",
            "researchAndDevelopment": "None",
            "operatingExpenses": "515000000",
            "investmentIncomeNet": "None",
            "netInterestIncome": "-646000000",
            "interestIncome": "646000000",
            "interestExpense": "646000000",
            "nonInterestIncome": "11142000000",
            "otherNonOperatingIncome": "77000000",
            "depreciation": "1181000000",
            "depreciationAndAmortization": "1181000000",
            "incomeBeforeTax": "3878000000",
            "incomeTaxExpense": "873000000",
            "interestAndDebtExpense": "646000000",
            "netIncomeFromContinuingOperations": "3005000000",
            "comprehensiveIncomeNetOfTax": "3197000000",
            "ebit": "4524000000",
            "ebitda": "5705000000",
            "netIncome": "3005000000"
        },
        {
            "fiscalDateEnding": "2020-12-31",
            "reportedCurrency": "USD",
            "grossProfit": "6129000000",
            "totalRevenue": "9164000000",
            "costOfRevenue": "3035000000",
            "costofGoodsAndServicesSold": "535000000",
            "operatingIncome": "3002000000",
            "sellingGeneralAndAdministrative": "28000000",
            "researchAndDevelopment": "None",
            "operatingExpenses": "741000000",
            "investmentIncomeNet": "None",
            "netInterestIncome": "-625000000",
            "interestIncome": "625000000",
            "interestExpense": "625000000",
            "nonInterestIncome": "9789000000",
            "otherNonOperatingIncome": "153000000",
            "depreciation": "1154000000",
            "depreciationAndAmortization": "1154000000",
            "incomeBeforeTax": "2530000000",
            "incomeTaxExpense": "517000000",
            "interestAndDebtExpense": "625000000",
            "netIncomeFromContinuingOperations": "2013000000",
            "comprehensiveIncomeNetOfTax": "1910000000",
            "ebit": "3155000000",
            "ebitda": "4309000000",
            "netIncome": "2013000000"
        },
        {
            "fiscalDateEnding": "2019-12-31",
            "reportedCurrency": "USD",
            "grossProfit": "6886000000",
            "totalRevenue": "10692000000",
            "costOfRevenue": "3806000000",
            "costofGoodsAndServicesSold": "953000000",
            "operatingIncome": "3989000000",
            "sellingGeneralAndAdministrative": "53000000",
            "researchAndDevelopment": "None",
            "operatingExpenses": "800000000",
            "investmentIncomeNet": "None",
            "netInterestIncome": "-604000000",
            "interestIncome": "604000000",
            "interestExpense": "604000000",
            "nonInterestIncome": "11296000000",
            "otherNonOperatingIncome": "106000000",
            "depreciation": "1138000000",
            "depreciationAndAmortization": "1139000000",
            "incomeBeforeTax": "3491000000",
            "incomeTaxExpense": "769000000",
            "interestAndDebtExpense": "604000000",
            "netIncomeFromContinuingOperations": "2722000000",
            "comprehensiveIncomeNetOfTax": "2794000000",
            "ebit": "4095000000",
            "ebitda": "5234000000",
            "netIncome": "2722000000"
        },
        {
            "fiscalDateEnding": "2018-12-31",
            "reportedCurrency": "USD",
            "grossProfit": "6638000000",
            "totalRevenue": "10901000000",
            "costOfRevenue": "4263000000",
            "costofGoodsAndServicesSold": "1087000000",
            "operatingIncome": "3959000000",
            "sellingGeneralAndAdministrative": "251000000",
            "researchAndDevelopment": "None",
            "operatingExpenses": "7499000000",
            "investmentIncomeNet": "None",
            "netInterestIncome": "-557000000",
            "interestIncome": "557000000",
            "interestExpense": "557000000",
            "nonInterestIncome": "11458000000",
            "otherNonOperatingIncome": "67000000",
            "depreciation": "1102000000",
            "depreciationAndAmortization": "1104000000",
            "incomeBeforeTax": "3469000000",
            "incomeTaxExpense": "803000000",
            "interestAndDebtExpense": "557000000",
            "netIncomeFromContinuingOperations": "2666000000",
            "comprehensiveIncomeNetOfTax": "2547000000",
            "ebit": "4026000000",
            "ebitda": "5130000000",
            "netIncome": "2666000000"
        }
    ],
    "quarterlyReports": [
        {
            "fiscalDateEnding": "2022-12-31",
            "reportedCurrency": "USD",
            "grossProfit": "2036000000",
            "totalRevenue": "3060000000",
            "costOfRevenue": "1024000000",
            "costofGoodsAndServicesSold": "367000000",
            "operatingIncome": "1181000000",
            "sellingGeneralAndAdministrative": "4000000",
            "researchAndDevelopment": "None",
            "operatingExpenses": "183000000",
            "investmentIncomeNet": "None",
            "netInterestIncome": "-177000000",
            "interestIncome": "177000000",
            "interestExpense": "177000000",
            "nonInterestIncome": "3237000000",
            "otherNonOperatingIncome": "34000000",
            "depreciation": "309000000",
            "depreciationAndAmortization": "309000000",
            "incomeBeforeTax": "1038000000",
            "incomeTaxExpense": "248000000",
            "interestAndDebtExpense": "177000000",
            "netIncomeFromContinuingOperations": "790000000",
            "comprehensiveIncomeNetOfTax": "816000000",
            "ebit": "1215000000",
            "ebitda": "1524000000",
            "netIncome": "790000000"
        },
        {
            "fiscalDateEnding": "2022-09-30",
            "reportedCurrency": "USD",
            "grossProfit": "2035000000",
            "totalRevenue": "3166000000",
            "costOfRevenue": "1131000000",
            "costofGoodsAndServicesSold": "383000000",
            "operatingIncome": "1272000000",
            "sellingGeneralAndAdministrative": "13000000",
            "researchAndDevelopment": "None",
            "operatingExpenses": "176000000",
            "investmentIncomeNet": "None",
            "netInterestIncome": "-177000000",
            "interestIncome": "177000000",
            "interestExpense": "177000000",
            "nonInterestIncome": "3343000000",
            "otherNonOperatingIncome": "-2000000",
            "depreciation": "306000000",
            "depreciationAndAmortization": "306000000",
            "incomeBeforeTax": "1093000000",
            "incomeTaxExpense": "135000000",
            "interestAndDebtExpense": "177000000",
            "netIncomeFromContinuingOperations": "958000000",
            "comprehensiveIncomeNetOfTax": "969000000",
            "ebit": "1270000000",
            "ebitda": "1576000000",
            "netIncome": "958000000"
        },
        {
            "fiscalDateEnding": "2022-06-30",
            "reportedCurrency": "USD",
            "grossProfit": "2045000000",
            "totalRevenue": "3080000000",
            "costOfRevenue": "1035000000",
            "costofGoodsAndServicesSold": "408000000",
            "operatingIncome": "1271000000",
            "sellingGeneralAndAdministrative": "13000000",
            "researchAndDevelopment": "None",
            "operatingExpenses": "185000000",
            "investmentIncomeNet": "None",
            "netInterestIncome": "-170000000",
            "interestIncome": "170000000",
            "interestExpense": "170000000",
            "nonInterestIncome": "3250000000",
            "otherNonOperatingIncome": "-14000000",
            "depreciation": "304000000",
            "depreciationAndAmortization": "304000000",
            "incomeBeforeTax": "1087000000",
            "incomeTaxExpense": "268000000",
            "interestAndDebtExpense": "170000000",
            "netIncomeFromContinuingOperations": "819000000",
            "comprehensiveIncomeNetOfTax": "825000000",
            "ebit": "1257000000",
            "ebitda": "1561000000",
            "netIncome": "819000000"
        },
        {
            "fiscalDateEnding": "2022-03-31",
            "reportedCurrency": "USD",
            "grossProfit": "1804000000",
            "totalRevenue": "2747000000",
            "costOfRevenue": "943000000",
            "costofGoodsAndServicesSold": "301000000",
            "operatingIncome": "1085000000",
            "sellingGeneralAndAdministrative": "23000000",
            "researchAndDevelopment": "None",
            "operatingExpenses": "188000000",
            "investmentIncomeNet": "None",
            "netInterestIncome": "-168000000",
            "interestIncome": "168000000",
            "interestExpense": "168000000",
            "nonInterestIncome": "2915000000",
            "otherNonOperatingIncome": "-5000000",
            "depreciation": "302000000",
            "depreciationAndAmortization": "302000000",
            "incomeBeforeTax": "912000000",
            "incomeTaxExpense": "209000000",
            "interestAndDebtExpense": "168000000",
            "netIncomeFromContinuingOperations": "703000000",
            "comprehensiveIncomeNetOfTax": "711000000",
            "ebit": "1080000000",
            "ebitda": "1382000000",
            "netIncome": "703000000"
        },
        {
            "fiscalDateEnding": "2021-12-31",
            "reportedCurrency": "USD",
            "grossProfit": "1855000000",
            "totalRevenue": "2687000000",
            "costOfRevenue": "832000000",
            "costofGoodsAndServicesSold": "226000000",
            "operatingIncome": "1129000000",
            "sellingGeneralAndAdministrative": "8000000",
            "researchAndDevelopment": "None",
            "operatingExpenses": "131000000",
            "investmentIncomeNet": "None",
            "netInterestIncome": "-165000000",
            "interestIncome": "165000000",
            "interestExpense": "165000000",
            "nonInterestIncome": "2852000000",
            "otherNonOperatingIncome": "21000000",
            "depreciation": "298000000",
            "depreciationAndAmortization": "298000000",
            "incomeBeforeTax": "985000000",
            "incomeTaxExpense": "225000000",
            "interestAndDebtExpense": "165000000",
            "netIncomeFromContinuingOperations": "760000000",
            "comprehensiveIncomeNetOfTax": "929000000",
            "ebit": "1150000000",
            "ebitda": "1448000000",
            "netIncome": "760000000"
        },
        {
            "fiscalDateEnding": "2021-09-30",
            "reportedCurrency": "USD",
            "grossProfit": "1857000000",
            "totalRevenue": "2688000000",
            "costOfRevenue": "831000000",
            "costofGoodsAndServicesSold": "208000000",
            "operatingIncome": "1136000000",
            "sellingGeneralAndAdministrative": "14000000",
            "researchAndDevelopment": "None",
            "operatingExpenses": "184000000",
            "investmentIncomeNet": "None",
            "netInterestIncome": "-164000000",
            "interestIncome": "164000000",
            "interestExpense": "164000000",
            "nonInterestIncome": "2852000000",
            "otherNonOperatingIncome": "14000000",
            "depreciation": "297000000",
            "depreciationAndAmortization": "297000000",
            "incomeBeforeTax": "986000000",
            "incomeTaxExpense": "233000000",
            "interestAndDebtExpense": "164000000",
            "netIncomeFromContinuingOperations": "753000000",
            "comprehensiveIncomeNetOfTax": "760000000",
            "ebit": "1150000000",
            "ebitda": "1447000000",
            "netIncome": "753000000"
        },
        {
            "fiscalDateEnding": "2021-06-30",
            "reportedCurrency": "USD",
            "grossProfit": "1810000000",
            "totalRevenue": "2638000000",
            "costOfRevenue": "828000000",
            "costofGoodsAndServicesSold": "188000000",
            "operatingIncome": "1167000000",
            "sellingGeneralAndAdministrative": "16000000",
            "researchAndDevelopment": "None",
            "operatingExpenses": "113000000",
            "investmentIncomeNet": "None",
            "netInterestIncome": "-161000000",
            "interestIncome": "161000000",
            "interestExpense": "161000000",
            "nonInterestIncome": "2799000000",
            "otherNonOperatingIncome": "35000000",
            "depreciation": "294000000",
            "depreciationAndAmortization": "294000000",
            "incomeBeforeTax": "1041000000",
            "incomeTaxExpense": "222000000",
            "interestAndDebtExpense": "161000000",
            "netIncomeFromContinuingOperations": "819000000",
            "comprehensiveIncomeNetOfTax": "827000000",
            "ebit": "1202000000",
            "ebitda": "1496000000",
            "netIncome": "819000000"
        },
        {
            "fiscalDateEnding": "2021-03-31",
            "reportedCurrency": "USD",
            "grossProfit": "1679000000",
            "totalRevenue": "2483000000",
            "costOfRevenue": "804000000",
            "costofGoodsAndServicesSold": "177000000",
            "operatingIncome": "1015000000",
            "sellingGeneralAndAdministrative": "16000000",
            "researchAndDevelopment": "None",
            "operatingExpenses": "159000000",
            "investmentIncomeNet": "None",
            "netInterestIncome": "-156000000",
            "interestIncome": "156000000",
            "interestExpense": "156000000",
            "nonInterestIncome": "2639000000",
            "otherNonOperatingIncome": "7000000",
            "depreciation": "292000000",
            "depreciationAndAmortization": "292000000",
            "incomeBeforeTax": "866000000",
            "incomeTaxExpense": "193000000",
            "interestAndDebtExpense": "156000000",
            "netIncomeFromContinuingOperations": "673000000",
            "comprehensiveIncomeNetOfTax": "681000000",
            "ebit": "1022000000",
            "ebitda": "1314000000",
            "netIncome": "673000000"
        },
        {
            "fiscalDateEnding": "2020-12-31",
            "reportedCurrency": "USD",
            "grossProfit": "2573000000",
            "totalRevenue": "2573000000",
            "costOfRevenue": "726000000",
            "costofGoodsAndServicesSold": "136000000",
            "operatingIncome": "984000000",
            "sellingGeneralAndAdministrative": "3000000",
            "researchAndDevelopment": "None",
            "operatingExpenses": "131000000",
            "investmentIncomeNet": "None",
            "netInterestIncome": "-160000000",
            "interestIncome": "160000000",
            "interestExpense": "160000000",
            "nonInterestIncome": "2573000000",
            "otherNonOperatingIncome": "43000000",
            "depreciation": "287000000",
            "depreciationAndAmortization": "287000000",
            "incomeBeforeTax": "867000000",
            "incomeTaxExpense": "196000000",
            "interestAndDebtExpense": "160000000",
            "netIncomeFromContinuingOperations": "984000000",
            "comprehensiveIncomeNetOfTax": "548000000",
            "ebit": "1027000000",
            "ebitda": "1314000000",
            "netIncome": "671000000"
        },
        {
            "fiscalDateEnding": "2020-09-30",
            "reportedCurrency": "USD",
            "grossProfit": "1634000000",
            "totalRevenue": "2351000000",
            "costOfRevenue": "717000000",
            "costofGoodsAndServicesSold": "126000000",
            "operatingIncome": "840000000",
            "sellingGeneralAndAdministrative": "13000000",
            "researchAndDevelopment": "None",
            "operatingExpenses": "196000000",
            "investmentIncomeNet": "None",
            "netInterestIncome": "-155000000",
            "interestIncome": "155000000",
            "interestExpense": "155000000",
            "nonInterestIncome": "2506000000",
            "otherNonOperatingIncome": "39000000",
            "depreciation": "293000000",
            "depreciationAndAmortization": "293000000",
            "incomeBeforeTax": "724000000",
            "incomeTaxExpense": "155000000",
            "interestAndDebtExpense": "155000000",
            "netIncomeFromContinuingOperations": "569000000",
            "comprehensiveIncomeNetOfTax": "573000000",
            "ebit": "879000000",
            "ebitda": "1172000000",
            "netIncome": "569000000"
        },
        {
            "fiscalDateEnding": "2020-06-30",
            "reportedCurrency": "USD",
            "grossProfit": "1249000000",
            "totalRevenue": "1929000000",
            "costOfRevenue": "680000000",
            "costofGoodsAndServicesSold": "84000000",
            "operatingIncome": "610000000",
            "sellingGeneralAndAdministrative": "10000000",
            "researchAndDevelopment": "None",
            "operatingExpenses": "161000000",
            "investmentIncomeNet": "None",
            "netInterestIncome": "-156000000",
            "interestIncome": "156000000",
            "interestExpense": "156000000",
            "nonInterestIncome": "2085000000",
            "otherNonOperatingIncome": "49000000",
            "depreciation": "282000000",
            "depreciationAndAmortization": "282000000",
            "incomeBeforeTax": "503000000",
            "incomeTaxExpense": "111000000",
            "interestAndDebtExpense": "156000000",
            "netIncomeFromContinuingOperations": "392000000",
            "comprehensiveIncomeNetOfTax": "398000000",
            "ebit": "659000000",
            "ebitda": "941000000",
            "netIncome": "392000000"
        },
        {
            "fiscalDateEnding": "2020-03-31",
            "reportedCurrency": "USD",
            "grossProfit": "1658000000",
            "totalRevenue": "2471000000",
            "costOfRevenue": "813000000",
            "costofGoodsAndServicesSold": "189000000",
            "operatingIncome": "568000000",
            "sellingGeneralAndAdministrative": "2000000",
            "researchAndDevelopment": "None",
            "operatingExpenses": "160000000",
            "investmentIncomeNet": "None",
            "netInterestIncome": "-154000000",
            "interestIncome": "154000000",
            "interestExpense": "154000000",
            "nonInterestIncome": "2625000000",
            "otherNonOperatingIncome": "22000000",
            "depreciation": "292000000",
            "depreciationAndAmortization": "292000000",
            "incomeBeforeTax": "436000000",
            "incomeTaxExpense": "55000000",
            "interestAndDebtExpense": "154000000",
            "netIncomeFromContinuingOperations": "381000000",
            "comprehensiveIncomeNetOfTax": "391000000",
            "ebit": "590000000",
            "ebitda": "882000000",
            "netIncome": "381000000"
        },
        {
            "fiscalDateEnding": "2019-12-31",
            "reportedCurrency": "USD",
            "grossProfit": "2690000000",
            "totalRevenue": "2690000000",
            "costOfRevenue": "909000000",
            "costofGoodsAndServicesSold": "223000000",
            "operatingIncome": "962000000",
            "sellingGeneralAndAdministrative": "7000000",
            "researchAndDevelopment": "None",
            "operatingExpenses": "-4779000000",
            "investmentIncomeNet": "None",
            "netInterestIncome": "-152000000",
            "interestIncome": "152000000",
            "interestExpense": "152000000",
            "nonInterestIncome": "2690000000",
            "otherNonOperatingIncome": "18000000",
            "depreciation": "285000000",
            "depreciationAndAmortization": "285000000",
            "incomeBeforeTax": "828000000",
            "incomeTaxExpense": "162000000",
            "interestAndDebtExpense": "152000000",
            "netIncomeFromContinuingOperations": "962000000",
            "comprehensiveIncomeNetOfTax": "728000000",
            "ebit": "980000000",
            "ebitda": "1265000000",
            "netIncome": "666000000"
        },
        {
            "fiscalDateEnding": "2019-09-30",
            "reportedCurrency": "USD",
            "grossProfit": "1773000000",
            "totalRevenue": "2691000000",
            "costOfRevenue": "918000000",
            "costofGoodsAndServicesSold": "226000000",
            "operatingIncome": "996000000",
            "sellingGeneralAndAdministrative": "10000000",
            "researchAndDevelopment": "None",
            "operatingExpenses": "1845000000",
            "investmentIncomeNet": "None",
            "netInterestIncome": "-150000000",
            "interestIncome": "150000000",
            "interestExpense": "150000000",
            "nonInterestIncome": "2841000000",
            "otherNonOperatingIncome": "22000000",
            "depreciation": "286000000",
            "depreciationAndAmortization": "287000000",
            "incomeBeforeTax": "868000000",
            "incomeTaxExpense": "211000000",
            "interestAndDebtExpense": "150000000",
            "netIncomeFromContinuingOperations": "657000000",
            "comprehensiveIncomeNetOfTax": "661000000",
            "ebit": "1018000000",
            "ebitda": "1305000000",
            "netIncome": "657000000"
        },
        {
            "fiscalDateEnding": "2019-06-30",
            "reportedCurrency": "USD",
            "grossProfit": "1786000000",
            "totalRevenue": "2772000000",
            "costOfRevenue": "986000000",
            "costofGoodsAndServicesSold": "254000000",
            "operatingIncome": "1065000000",
            "sellingGeneralAndAdministrative": "20000000",
            "researchAndDevelopment": "None",
            "operatingExpenses": "1860000000",
            "investmentIncomeNet": "None",
            "netInterestIncome": "-153000000",
            "interestIncome": "153000000",
            "interestExpense": "153000000",
            "nonInterestIncome": "2925000000",
            "otherNonOperatingIncome": "22000000",
            "depreciation": "284000000",
            "depreciationAndAmortization": "284000000",
            "incomeBeforeTax": "934000000",
            "incomeTaxExpense": "212000000",
            "interestAndDebtExpense": "153000000",
            "netIncomeFromContinuingOperations": "722000000",
            "comprehensiveIncomeNetOfTax": "725000000",
            "ebit": "1087000000",
            "ebitda": "1371000000",
            "netIncome": "722000000"
        },
        {
            "fiscalDateEnding": "2019-03-31",
            "reportedCurrency": "USD",
            "grossProfit": "1698000000",
            "totalRevenue": "2691000000",
            "costOfRevenue": "993000000",
            "costofGoodsAndServicesSold": "250000000",
            "operatingIncome": "966000000",
            "sellingGeneralAndAdministrative": "16000000",
            "researchAndDevelopment": "None",
            "operatingExpenses": "1874000000",
            "investmentIncomeNet": "None",
            "netInterestIncome": "-149000000",
            "interestIncome": "None",
            "interestExpense": "149000000",
            "nonInterestIncome": "2840000000",
            "otherNonOperatingIncome": "44000000",
            "depreciation": "283000000",
            "depreciationAndAmortization": "283000000",
            "incomeBeforeTax": "861000000",
            "incomeTaxExpense": "184000000",
            "interestAndDebtExpense": "149000000",
            "netIncomeFromContinuingOperations": "677000000",
            "comprehensiveIncomeNetOfTax": "680000000",
            "ebit": "1010000000",
            "ebitda": "1293000000",
            "netIncome": "677000000"
        },
        {
            "fiscalDateEnding": "2018-12-31",
            "reportedCurrency": "USD",
            "grossProfit": "2896000000",
            "totalRevenue": "2896000000",
            "costOfRevenue": "1242000000",
            "costofGoodsAndServicesSold": "275000000",
            "operatingIncome": "1078000000",
            "sellingGeneralAndAdministrative": "210000000",
            "researchAndDevelopment": "None",
            "operatingExpenses": "1818000000",
            "investmentIncomeNet": "None",
            "netInterestIncome": "-148000000",
            "interestIncome": "None",
            "interestExpense": "148000000",
            "nonInterestIncome": "2896000000",
            "otherNonOperatingIncome": "0",
            "depreciation": "281000000",
            "depreciationAndAmortization": "282000000",
            "incomeBeforeTax": "930000000",
            "incomeTaxExpense": "228000000",
            "interestAndDebtExpense": "148000000",
            "netIncomeFromContinuingOperations": "1078000000",
            "comprehensiveIncomeNetOfTax": "574000000",
            "ebit": "1078000000",
            "ebitda": "1360000000",
            "netIncome": "702000000"
        },
        {
            "fiscalDateEnding": "2018-09-30",
            "reportedCurrency": "USD",
            "grossProfit": "1794000000",
            "totalRevenue": "2805000000",
            "costOfRevenue": "1011000000",
            "costofGoodsAndServicesSold": "274000000",
            "operatingIncome": "1020000000",
            "sellingGeneralAndAdministrative": "12000000",
            "researchAndDevelopment": "None",
            "operatingExpenses": "1927000000",
            "investmentIncomeNet": "None",
            "netInterestIncome": "-142000000",
            "interestIncome": "None",
            "interestExpense": "142000000",
            "nonInterestIncome": "2947000000",
            "otherNonOperatingIncome": "30000000",
            "depreciation": "276000000",
            "depreciationAndAmortization": "276000000",
            "incomeBeforeTax": "908000000",
            "incomeTaxExpense": "206000000",
            "interestAndDebtExpense": "142000000",
            "netIncomeFromContinuingOperations": "702000000",
            "comprehensiveIncomeNetOfTax": "708000000",
            "ebit": "1050000000",
            "ebitda": "1326000000",
            "netIncome": "702000000"
        },
        {
            "fiscalDateEnding": "2018-06-30",
            "reportedCurrency": "USD",
            "grossProfit": "1776000000",
            "totalRevenue": "2767000000",
            "costOfRevenue": "991000000",
            "costofGoodsAndServicesSold": "272000000",
            "operatingIncome": "1026000000",
            "sellingGeneralAndAdministrative": "13000000",
            "researchAndDevelopment": "None",
            "operatingExpenses": "1872000000",
            "investmentIncomeNet": "None",
            "netInterestIncome": "-131000000",
            "interestIncome": "None",
            "interestExpense": "131000000",
            "nonInterestIncome": "2898000000",
            "otherNonOperatingIncome": "29000000",
            "depreciation": "273000000",
            "depreciationAndAmortization": "274000000",
            "incomeBeforeTax": "924000000",
            "incomeTaxExpense": "214000000",
            "interestAndDebtExpense": "131000000",
            "netIncomeFromContinuingOperations": "710000000",
            "comprehensiveIncomeNetOfTax": "717000000",
            "ebit": "1055000000",
            "ebitda": "1329000000",
            "netIncome": "710000000"
        },
        {
            "fiscalDateEnding": "2018-03-31",
            "reportedCurrency": "USD",
            "grossProfit": "1442000000",
            "totalRevenue": "2717000000",
            "costOfRevenue": "1275000000",
            "costofGoodsAndServicesSold": "538000000",
            "operatingIncome": "835000000",
            "sellingGeneralAndAdministrative": "737000000",
            "researchAndDevelopment": "None",
            "operatingExpenses": "1882000000",
            "investmentIncomeNet": "None",
            "netInterestIncome": "-136000000",
            "interestIncome": "None",
            "interestExpense": "136000000",
            "nonInterestIncome": "2717000000",
            "otherNonOperatingIncome": "8000000",
            "depreciation": "272000000",
            "depreciationAndAmortization": "272000000",
            "incomeBeforeTax": "707000000",
            "incomeTaxExpense": "155000000",
            "interestAndDebtExpense": "136000000",
            "netIncomeFromContinuingOperations": "552000000",
            "comprehensiveIncomeNetOfTax": "548000000",
            "ebit": "843000000",
            "ebitda": "1115000000",
            "netIncome": "552000000"
        }
    ]
}