{
    "symbol": "OMC",
    "annualReports": [
        {
            "fiscalDateEnding": "2022-12-31",
            "reportedCurrency": "USD",
            "grossProfit": "2083300000",
            "totalRevenue": "14289100000",
            "costOfRevenue": "12205800000",
            "costofGoodsAndServicesSold": "11607900000",
            "operatingIncome": "2083300000",
            "sellingGeneralAndAdministrative": "378500000",
            "researchAndDevelopment": "None",
            "operatingExpenses": "597900000",
            "investmentIncomeNet": "70700000",
            "netInterestIncome": "-208600000",
            "interestIncome": "97500000",
            "interestExpense": "208600000",
            "nonInterestIncome": "1100000",
            "otherNonOperatingIncome": "75900000",
            "depreciation": "139100000",
            "depreciationAndAmortization": "219400000",
            "incomeBeforeTax": "1863300000",
            "incomeTaxExpense": "546800000",
            "interestAndDebtExpense": "208600000",
            "netIncomeFromContinuingOperations": "1403800000",
            "comprehensiveIncomeNetOfTax": "1130900000",
            "ebit": "2071900000",
            "ebitda": "2291300000",
            "netIncome": "1316500000"
        },
        {
            "fiscalDateEnding": "2021-12-31",
            "reportedCurrency": "USD",
            "grossProfit": "2197900000",
            "totalRevenue": "14289400000",
            "costOfRevenue": "12091500000",
            "costofGoodsAndServicesSold": "11499700000",
            "operatingIncome": "2197900000",
            "sellingGeneralAndAdministrative": "379700000",
            "researchAndDevelopment": "None",
            "operatingExpenses": "541300000",
            "investmentIncomeNet": "27300000",
            "netInterestIncome": "-236400000",
            "interestIncome": "27300000",
            "interestExpense": "236400000",
            "nonInterestIncome": "47200000",
            "otherNonOperatingIncome": "34800000",
            "depreciation": "132100000",
            "depreciationAndAmortization": "212100000",
            "incomeBeforeTax": "1896500000",
            "incomeTaxExpense": "488700000",
            "interestAndDebtExpense": "236400000",
            "netIncomeFromContinuingOperations": "1507600000",
            "comprehensiveIncomeNetOfTax": "1369300000",
            "ebit": "2132900000",
            "ebitda": "2345000000",
            "netIncome": "1407800000"
        },
        {
            "fiscalDateEnding": "2020-12-31",
            "reportedCurrency": "USD",
            "grossProfit": "1317000000",
            "totalRevenue": "13171100000",
            "costOfRevenue": "11854100000",
            "costofGoodsAndServicesSold": "10989200000",
            "operatingIncome": "1598800000",
            "sellingGeneralAndAdministrative": "360500000",
            "researchAndDevelopment": "None",
            "operatingExpenses": "888400000",
            "investmentIncomeNet": "32300000",
            "netInterestIncome": "-221800000",
            "interestIncome": "32300000",
            "interestExpense": "221800000",
            "nonInterestIncome": "-4800000",
            "otherNonOperatingIncome": "25500000",
            "depreciation": "139500000",
            "depreciationAndAmortization": "222600000",
            "incomeBeforeTax": "1327100000",
            "incomeTaxExpense": "381700000",
            "interestAndDebtExpense": "221800000",
            "netIncomeFromContinuingOperations": "1020800000",
            "comprehensiveIncomeNetOfTax": "929100000",
            "ebit": "1548900000",
            "ebitda": "1771500000",
            "netIncome": "945400000"
        },
        {
            "fiscalDateEnding": "2019-12-31",
            "reportedCurrency": "USD",
            "grossProfit": "2122300000",
            "totalRevenue": "14953700000",
            "costOfRevenue": "12831400000",
            "costofGoodsAndServicesSold": "12194000000",
            "operatingIncome": "2122300000",
            "sellingGeneralAndAdministrative": "405900000",
            "researchAndDevelopment": "None",
            "operatingExpenses": "637400000",
            "investmentIncomeNet": "60300000",
            "netInterestIncome": "-244300000",
            "interestIncome": "60300000",
            "interestExpense": "244300000",
            "nonInterestIncome": "-11200000",
            "otherNonOperatingIncome": "62300000",
            "depreciation": "147700000",
            "depreciationAndAmortization": "231500000",
            "incomeBeforeTax": "1843500000",
            "incomeTaxExpense": "504400000",
            "interestAndDebtExpense": "244300000",
            "netIncomeFromContinuingOperations": "1435900000",
            "comprehensiveIncomeNetOfTax": "1392300000",
            "ebit": "2087800000",
            "ebitda": "2319300000",
            "netIncome": "1339100000"
        },
        {
            "fiscalDateEnding": "2018-12-31",
            "reportedCurrency": "USD",
            "grossProfit": "1984100000",
            "totalRevenue": "15290200000",
            "costOfRevenue": "13306100000",
            "costofGoodsAndServicesSold": "12437300000",
            "operatingIncome": "2133500000",
            "sellingGeneralAndAdministrative": "455400000",
            "researchAndDevelopment": "None",
            "operatingExpenses": "13156700000",
            "investmentIncomeNet": "57200000",
            "netInterestIncome": "-266400000",
            "interestIncome": "57200000",
            "interestExpense": "266400000",
            "nonInterestIncome": "180500000",
            "otherNonOperatingIncome": "66100000",
            "depreciation": "161500000",
            "depreciationAndAmortization": "264000000",
            "incomeBeforeTax": "1819100000",
            "incomeTaxExpense": "492700000",
            "interestAndDebtExpense": "266400000",
            "netIncomeFromContinuingOperations": "1440500000",
            "comprehensiveIncomeNetOfTax": "1060900000",
            "ebit": "2085500000",
            "ebitda": "2349500000",
            "netIncome": "1326400000"
        }
    ],
    "quarterlyReports": [
        {
            "fiscalDateEnding": "2023-03-31",
            "reportedCurrency": "USD",
            "grossProfit": "126900000",
            "totalRevenue": "3443300000",
            "costOfRevenue": "3316400000",
            "costofGoodsAndServicesSold": "2953700000",
            "operatingIncome": "346500000",
            "sellingGeneralAndAdministrative": "89200000",
            "researchAndDevelopment": "None",
            "operatingExpenses": "362700000",
            "investmentIncomeNet": "35600000",
            "netInterestIncome": "-54900000",
            "interestIncome": "35600000",
            "interestExpense": "54900000",
            "nonInterestIncome": "None",
            "otherNonOperatingIncome": "35700000",
            "depreciation": "34600000",
            "depreciationAndAmortization": "53900000",
            "incomeBeforeTax": "310900000",
            "incomeTaxExpense": "83400000",
            "interestAndDebtExpense": "54900000",
            "netIncomeFromContinuingOperations": "243900000",
            "comprehensiveIncomeNetOfTax": "280900000",
            "ebit": "365800000",
            "ebitda": "419700000",
            "netIncome": "227500000"
        },
        {
            "fiscalDateEnding": "2022-12-31",
            "reportedCurrency": "USD",
            "grossProfit": "642700000",
            "totalRevenue": "3868200000",
            "costOfRevenue": "3225500000",
            "costofGoodsAndServicesSold": "3086400000",
            "operatingIncome": "642700000",
            "sellingGeneralAndAdministrative": "84500000",
            "researchAndDevelopment": "None",
            "operatingExpenses": "139100000",
            "investmentIncomeNet": "28500000",
            "netInterestIncome": "-54400000",
            "interestIncome": "25900000",
            "interestExpense": "54400000",
            "nonInterestIncome": "1100000",
            "otherNonOperatingIncome": "31100000",
            "depreciation": "34600000",
            "depreciationAndAmortization": "54600000",
            "incomeBeforeTax": "593300000",
            "incomeTaxExpense": "163500000",
            "interestAndDebtExpense": "54400000",
            "netIncomeFromContinuingOperations": "455900000",
            "comprehensiveIncomeNetOfTax": "726400000",
            "ebit": "647700000",
            "ebitda": "702300000",
            "netIncome": "429800000"
        },
        {
            "fiscalDateEnding": "2022-09-30",
            "reportedCurrency": "USD",
            "grossProfit": "546000000",
            "totalRevenue": "3443400000",
            "costOfRevenue": "2897400000",
            "costofGoodsAndServicesSold": "2757100000",
            "operatingIncome": "546000000",
            "sellingGeneralAndAdministrative": "86400000",
            "researchAndDevelopment": "None",
            "operatingExpenses": "140300000",
            "investmentIncomeNet": "22900000",
            "netInterestIncome": "-52000000",
            "interestIncome": "29100000",
            "interestExpense": "52000000",
            "nonInterestIncome": "0",
            "otherNonOperatingIncome": "24000000",
            "depreciation": "33800000",
            "depreciationAndAmortization": "53900000",
            "incomeBeforeTax": "499200000",
            "incomeTaxExpense": "134700000",
            "interestAndDebtExpense": "52000000",
            "netIncomeFromContinuingOperations": "383300000",
            "comprehensiveIncomeNetOfTax": "118900000",
            "ebit": "551200000",
            "ebitda": "605100000",
            "netIncome": "364500000"
        },
        {
            "fiscalDateEnding": "2022-06-30",
            "reportedCurrency": "USD",
            "grossProfit": "541600000",
            "totalRevenue": "3567200000",
            "costOfRevenue": "3025600000",
            "costofGoodsAndServicesSold": "2859000000",
            "operatingIncome": "541600000",
            "sellingGeneralAndAdministrative": "110900000",
            "researchAndDevelopment": "None",
            "operatingExpenses": "166600000",
            "investmentIncomeNet": "11100000",
            "netInterestIncome": "-51200000",
            "interestIncome": "11100000",
            "interestExpense": "51200000",
            "nonInterestIncome": "0",
            "otherNonOperatingIncome": "12700000",
            "depreciation": "34900000",
            "depreciationAndAmortization": "55700000",
            "incomeBeforeTax": "481500000",
            "incomeTaxExpense": "133100000",
            "interestAndDebtExpense": "51200000",
            "netIncomeFromContinuingOperations": "370000000",
            "comprehensiveIncomeNetOfTax": "82300000",
            "ebit": "532700000",
            "ebitda": "588400000",
            "netIncome": "348400000"
        },
        {
            "fiscalDateEnding": "2022-03-31",
            "reportedCurrency": "USD",
            "grossProfit": "353000000",
            "totalRevenue": "3410300000",
            "costOfRevenue": "3057300000",
            "costofGoodsAndServicesSold": "2905400000",
            "operatingIncome": "353000000",
            "sellingGeneralAndAdministrative": "96700000",
            "researchAndDevelopment": "None",
            "operatingExpenses": "151900000",
            "investmentIncomeNet": "8200000",
            "netInterestIncome": "-51000000",
            "interestIncome": "8200000",
            "interestExpense": "51000000",
            "nonInterestIncome": "0",
            "otherNonOperatingIncome": "8100000",
            "depreciation": "35800000",
            "depreciationAndAmortization": "55200000",
            "incomeBeforeTax": "289300000",
            "incomeTaxExpense": "115500000",
            "interestAndDebtExpense": "51000000",
            "netIncomeFromContinuingOperations": "194600000",
            "comprehensiveIncomeNetOfTax": "203500000",
            "ebit": "340300000",
            "ebitda": "395500000",
            "netIncome": "173800000"
        },
        {
            "fiscalDateEnding": "2021-12-31",
            "reportedCurrency": "USD",
            "grossProfit": "622500000",
            "totalRevenue": "3855800000",
            "costOfRevenue": "3233300000",
            "costofGoodsAndServicesSold": "3069300000",
            "operatingIncome": "622500000",
            "sellingGeneralAndAdministrative": "109800000",
            "researchAndDevelopment": "None",
            "operatingExpenses": "164000000",
            "investmentIncomeNet": "7200000",
            "netInterestIncome": "-51600000",
            "interestIncome": "7200000",
            "interestExpense": "51600000",
            "nonInterestIncome": "-3300000",
            "otherNonOperatingIncome": "12600000",
            "depreciation": "34000000",
            "depreciationAndAmortization": "54200000",
            "incomeBeforeTax": "549800000",
            "incomeTaxExpense": "133600000",
            "interestAndDebtExpense": "51600000",
            "netIncomeFromContinuingOperations": "449900000",
            "comprehensiveIncomeNetOfTax": "471800000",
            "ebit": "601400000",
            "ebitda": "655600000",
            "netIncome": "416200000"
        },
        {
            "fiscalDateEnding": "2021-09-30",
            "reportedCurrency": "USD",
            "grossProfit": "541600000",
            "totalRevenue": "3435000000",
            "costOfRevenue": "2893400000",
            "costofGoodsAndServicesSold": "2747300000",
            "operatingIncome": "541600000",
            "sellingGeneralAndAdministrative": "95000000",
            "researchAndDevelopment": "None",
            "operatingExpenses": "146100000",
            "investmentIncomeNet": "7000000",
            "netInterestIncome": "-50700000",
            "interestIncome": "7000000",
            "interestExpense": "50700000",
            "nonInterestIncome": "0",
            "otherNonOperatingIncome": "9200000",
            "depreciation": "32400000",
            "depreciationAndAmortization": "51100000",
            "incomeBeforeTax": "475600000",
            "incomeTaxExpense": "120000000",
            "interestAndDebtExpense": "50700000",
            "netIncomeFromContinuingOperations": "380100000",
            "comprehensiveIncomeNetOfTax": "235100000",
            "ebit": "526300000",
            "ebitda": "577400000",
            "netIncome": "355600000"
        },
        {
            "fiscalDateEnding": "2021-06-30",
            "reportedCurrency": "USD",
            "grossProfit": "568400000",
            "totalRevenue": "3571600000",
            "costOfRevenue": "3003200000",
            "costofGoodsAndServicesSold": "2846500000",
            "operatingIncome": "568400000",
            "sellingGeneralAndAdministrative": "103200000",
            "researchAndDevelopment": "None",
            "operatingExpenses": "106200000",
            "investmentIncomeNet": "6800000",
            "netInterestIncome": "-80300000",
            "interestIncome": "6800000",
            "interestExpense": "80300000",
            "nonInterestIncome": "50500000",
            "otherNonOperatingIncome": "6700000",
            "depreciation": "32300000",
            "depreciationAndAmortization": "53500000",
            "incomeBeforeTax": "471400000",
            "incomeTaxExpense": "123200000",
            "interestAndDebtExpense": "80300000",
            "netIncomeFromContinuingOperations": "371600000",
            "comprehensiveIncomeNetOfTax": "406900000",
            "ebit": "551700000",
            "ebitda": "605200000",
            "netIncome": "348200000"
        },
        {
            "fiscalDateEnding": "2021-03-31",
            "reportedCurrency": "USD",
            "grossProfit": "465400000",
            "totalRevenue": "3426900000",
            "costOfRevenue": "2961500000",
            "costofGoodsAndServicesSold": "2836600000",
            "operatingIncome": "465400000",
            "sellingGeneralAndAdministrative": "71600000",
            "researchAndDevelopment": "None",
            "operatingExpenses": "124900000",
            "investmentIncomeNet": "6300000",
            "netInterestIncome": "-53800000",
            "interestIncome": "47500000",
            "interestExpense": "53800000",
            "nonInterestIncome": "0",
            "otherNonOperatingIncome": "6300000",
            "depreciation": "33400000",
            "depreciationAndAmortization": "53300000",
            "incomeBeforeTax": "399700000",
            "incomeTaxExpense": "111900000",
            "interestAndDebtExpense": "53800000",
            "netIncomeFromContinuingOperations": "306000000",
            "comprehensiveIncomeNetOfTax": "255400000",
            "ebit": "453500000",
            "ebitda": "506800000",
            "netIncome": "287800000"
        },
        {
            "fiscalDateEnding": "2020-12-31",
            "reportedCurrency": "USD",
            "grossProfit": "610800000",
            "totalRevenue": "3757000000",
            "costOfRevenue": "3146200000",
            "costofGoodsAndServicesSold": "2987200000",
            "operatingIncome": "614700000",
            "sellingGeneralAndAdministrative": "101300000",
            "researchAndDevelopment": "None",
            "operatingExpenses": "161800000",
            "investmentIncomeNet": "7200000",
            "netInterestIncome": "-55200000",
            "interestIncome": "7200000",
            "interestExpense": "55200000",
            "nonInterestIncome": "-4800000",
            "otherNonOperatingIncome": "10600000",
            "depreciation": "33100000",
            "depreciationAndAmortization": "53800000",
            "incomeBeforeTax": "539600000",
            "incomeTaxExpense": "141500000",
            "interestAndDebtExpense": "55200000",
            "netIncomeFromContinuingOperations": "428500000",
            "comprehensiveIncomeNetOfTax": "564800000",
            "ebit": "594800000",
            "ebitda": "648600000",
            "netIncome": "398100000"
        },
        {
            "fiscalDateEnding": "2020-09-30",
            "reportedCurrency": "USD",
            "grossProfit": "501400000",
            "totalRevenue": "3206500000",
            "costOfRevenue": "2705100000",
            "costofGoodsAndServicesSold": "2560200000",
            "operatingIncome": "501400000",
            "sellingGeneralAndAdministrative": "90200000",
            "researchAndDevelopment": "None",
            "operatingExpenses": "144900000",
            "investmentIncomeNet": "5900000",
            "netInterestIncome": "-54400000",
            "interestIncome": "48500000",
            "interestExpense": "54400000",
            "nonInterestIncome": "0",
            "otherNonOperatingIncome": "8800000",
            "depreciation": "34500000",
            "depreciationAndAmortization": "54700000",
            "incomeBeforeTax": "434200000",
            "incomeTaxExpense": "120900000",
            "interestAndDebtExpense": "54400000",
            "netIncomeFromContinuingOperations": "334900000",
            "comprehensiveIncomeNetOfTax": "389300000",
            "ebit": "488600000",
            "ebitda": "543300000",
            "netIncome": "313300000"
        },
        {
            "fiscalDateEnding": "2020-06-30",
            "reportedCurrency": "USD",
            "grossProfit": "-215400000",
            "totalRevenue": "2800700000",
            "costOfRevenue": "3016100000",
            "costofGoodsAndServicesSold": "2599000000",
            "operatingIncome": "62500000",
            "sellingGeneralAndAdministrative": "82100000",
            "researchAndDevelopment": "None",
            "operatingExpenses": "417100000",
            "investmentIncomeNet": "6500000",
            "netInterestIncome": "-53700000",
            "interestIncome": "6500000",
            "interestExpense": "53700000",
            "nonInterestIncome": "0",
            "otherNonOperatingIncome": "-1300000",
            "depreciation": "35700000",
            "depreciationAndAmortization": "57100000",
            "incomeBeforeTax": "-2300000",
            "incomeTaxExpense": "21900000",
            "interestAndDebtExpense": "53700000",
            "netIncomeFromContinuingOperations": "-14400000",
            "comprehensiveIncomeNetOfTax": "47500000",
            "ebit": "51400000",
            "ebitda": "108500000",
            "netIncome": "-24200000"
        },
        {
            "fiscalDateEnding": "2020-03-31",
            "reportedCurrency": "USD",
            "grossProfit": "416300000",
            "totalRevenue": "3406900000",
            "costOfRevenue": "2990600000",
            "costofGoodsAndServicesSold": "2842900000",
            "operatingIncome": "420200000",
            "sellingGeneralAndAdministrative": "86800000",
            "researchAndDevelopment": "None",
            "operatingExpenses": "147700000",
            "investmentIncomeNet": "12700000",
            "netInterestIncome": "-58500000",
            "interestIncome": "12700000",
            "interestExpense": "58500000",
            "nonInterestIncome": "0",
            "otherNonOperatingIncome": "7400000",
            "depreciation": "36200000",
            "depreciationAndAmortization": "57000000",
            "incomeBeforeTax": "355500000",
            "incomeTaxExpense": "97400000",
            "interestAndDebtExpense": "58500000",
            "netIncomeFromContinuingOperations": "271700000",
            "comprehensiveIncomeNetOfTax": "-72600000",
            "ebit": "414000000",
            "ebitda": "471000000",
            "netIncome": "258100000"
        },
        {
            "fiscalDateEnding": "2019-12-31",
            "reportedCurrency": "USD",
            "grossProfit": "4141200000",
            "totalRevenue": "4141200000",
            "costOfRevenue": "3494800000",
            "costofGoodsAndServicesSold": "3341100000",
            "operatingIncome": "646400000",
            "sellingGeneralAndAdministrative": "97500000",
            "researchAndDevelopment": "None",
            "operatingExpenses": "-8699200000",
            "investmentIncomeNet": "13400000",
            "netInterestIncome": "-51900000",
            "interestIncome": "13400000",
            "interestExpense": "51900000",
            "nonInterestIncome": "-11200000",
            "otherNonOperatingIncome": "14200000",
            "depreciation": "36400000",
            "depreciationAndAmortization": "56200000",
            "incomeBeforeTax": "573900000",
            "incomeTaxExpense": "158900000",
            "interestAndDebtExpense": "51900000",
            "netIncomeFromContinuingOperations": "646400000",
            "comprehensiveIncomeNetOfTax": "566200000",
            "ebit": "625800000",
            "ebitda": "682000000",
            "netIncome": "415000000"
        },
        {
            "fiscalDateEnding": "2019-09-30",
            "reportedCurrency": "USD",
            "grossProfit": "473300000",
            "totalRevenue": "3623800000",
            "costOfRevenue": "3150500000",
            "costofGoodsAndServicesSold": "2995400000",
            "operatingIncome": "473300000",
            "sellingGeneralAndAdministrative": "97200000",
            "researchAndDevelopment": "None",
            "operatingExpenses": "3150500000",
            "investmentIncomeNet": "13500000",
            "netInterestIncome": "-62800000",
            "interestIncome": "13500000",
            "interestExpense": "62800000",
            "nonInterestIncome": "0",
            "otherNonOperatingIncome": "14000000",
            "depreciation": "36700000",
            "depreciationAndAmortization": "57900000",
            "incomeBeforeTax": "402500000",
            "incomeTaxExpense": "112300000",
            "interestAndDebtExpense": "62800000",
            "netIncomeFromContinuingOperations": "312200000",
            "comprehensiveIncomeNetOfTax": "176300000",
            "ebit": "465300000",
            "ebitda": "523200000",
            "netIncome": "290200000"
        },
        {
            "fiscalDateEnding": "2019-06-30",
            "reportedCurrency": "USD",
            "grossProfit": "573700000",
            "totalRevenue": "3719800000",
            "costOfRevenue": "3146100000",
            "costofGoodsAndServicesSold": "2980600000",
            "operatingIncome": "573700000",
            "sellingGeneralAndAdministrative": "107700000",
            "researchAndDevelopment": "None",
            "operatingExpenses": "3146100000",
            "investmentIncomeNet": "16400000",
            "netInterestIncome": "-66600000",
            "interestIncome": "16400000",
            "interestExpense": "66600000",
            "nonInterestIncome": "None",
            "otherNonOperatingIncome": "17600000",
            "depreciation": "36600000",
            "depreciationAndAmortization": "57800000",
            "incomeBeforeTax": "501300000",
            "incomeTaxExpense": "130600000",
            "interestAndDebtExpense": "66600000",
            "netIncomeFromContinuingOperations": "394100000",
            "comprehensiveIncomeNetOfTax": "353800000",
            "ebit": "567900000",
            "ebitda": "625700000",
            "netIncome": "370700000"
        },
        {
            "fiscalDateEnding": "2019-03-31",
            "reportedCurrency": "USD",
            "grossProfit": "428900000",
            "totalRevenue": "3468900000",
            "costOfRevenue": "3040000000",
            "costofGoodsAndServicesSold": "2876800000",
            "operatingIncome": "428900000",
            "sellingGeneralAndAdministrative": "103600000",
            "researchAndDevelopment": "None",
            "operatingExpenses": "3040000000",
            "investmentIncomeNet": "17000000",
            "netInterestIncome": "-63000000",
            "interestIncome": "17000000",
            "interestExpense": "63000000",
            "nonInterestIncome": "None",
            "otherNonOperatingIncome": "16500000",
            "depreciation": "38000000",
            "depreciationAndAmortization": "59600000",
            "incomeBeforeTax": "365900000",
            "incomeTaxExpense": "102700000",
            "interestAndDebtExpense": "63000000",
            "netIncomeFromContinuingOperations": "279700000",
            "comprehensiveIncomeNetOfTax": "296000000",
            "ebit": "428900000",
            "ebitda": "488500000",
            "netIncome": "263200000"
        },
        {
            "fiscalDateEnding": "2018-12-31",
            "reportedCurrency": "USD",
            "grossProfit": "4086700000",
            "totalRevenue": "4086700000",
            "costOfRevenue": "3608900000",
            "costofGoodsAndServicesSold": "3279100000",
            "operatingIncome": "627200000",
            "sellingGeneralAndAdministrative": "119100000",
            "researchAndDevelopment": "None",
            "operatingExpenses": "3459500000",
            "investmentIncomeNet": "15200000",
            "netInterestIncome": "-68300000",
            "interestIncome": "None",
            "interestExpense": "68300000",
            "nonInterestIncome": "2100000",
            "otherNonOperatingIncome": "20600000",
            "depreciation": "38500000",
            "depreciationAndAmortization": "61300000",
            "incomeBeforeTax": "548900000",
            "incomeTaxExpense": "149700000",
            "interestAndDebtExpense": "68300000",
            "netIncomeFromContinuingOperations": "627200000",
            "comprehensiveIncomeNetOfTax": "356900000",
            "ebit": "617200000",
            "ebitda": "678500000",
            "netIncome": "399200000"
        },
        {
            "fiscalDateEnding": "2018-09-30",
            "reportedCurrency": "USD",
            "grossProfit": "352900000",
            "totalRevenue": "3714300000",
            "costOfRevenue": "3361400000",
            "costofGoodsAndServicesSold": "3032600000",
            "operatingIncome": "502300000",
            "sellingGeneralAndAdministrative": "113500000",
            "researchAndDevelopment": "None",
            "operatingExpenses": "3212000000",
            "investmentIncomeNet": "12700000",
            "netInterestIncome": "-69400000",
            "interestIncome": "None",
            "interestExpense": "69400000",
            "nonInterestIncome": "178400000",
            "otherNonOperatingIncome": "13700000",
            "depreciation": "40700000",
            "depreciationAndAmortization": "65900000",
            "incomeBeforeTax": "414200000",
            "incomeTaxExpense": "115300000",
            "interestAndDebtExpense": "69400000",
            "netIncomeFromContinuingOperations": "331300000",
            "comprehensiveIncomeNetOfTax": "280000000",
            "ebit": "483600000",
            "ebitda": "549500000",
            "netIncome": "298900000"
        },
        {
            "fiscalDateEnding": "2018-06-30",
            "reportedCurrency": "USD",
            "grossProfit": "582300000",
            "totalRevenue": "3859600000",
            "costOfRevenue": "3277300000",
            "costofGoodsAndServicesSold": "3092500000",
            "operatingIncome": "582300000",
            "sellingGeneralAndAdministrative": "117400000",
            "researchAndDevelopment": "None",
            "operatingExpenses": "3277300000",
            "investmentIncomeNet": "13900000",
            "netInterestIncome": "-66400000",
            "interestIncome": "None",
            "interestExpense": "66400000",
            "nonInterestIncome": "None",
            "otherNonOperatingIncome": "15600000",
            "depreciation": "40400000",
            "depreciationAndAmortization": "67400000",
            "incomeBeforeTax": "500900000",
            "incomeTaxExpense": "136700000",
            "interestAndDebtExpense": "66400000",
            "netIncomeFromContinuingOperations": "394800000",
            "comprehensiveIncomeNetOfTax": "71900000",
            "ebit": "567300000",
            "ebitda": "634700000",
            "netIncome": "364200000"
        }
    ]
}