{
    "symbol": "ON",
    "annualReports": [
        {
            "fiscalDateEnding": "2022-12-31",
            "reportedCurrency": "USD",
            "grossProfit": "4077200000",
            "totalRevenue": "8326200000",
            "costOfRevenue": "4249000000",
            "costofGoodsAndServicesSold": "4249000000",
            "operatingIncome": "2360000000",
            "sellingGeneralAndAdministrative": "631100000",
            "researchAndDevelopment": "600200000",
            "operatingExpenses": "1717200000",
            "investmentIncomeNet": "15500000",
            "netInterestIncome": "-94900000",
            "interestIncome": "15500000",
            "interestExpense": "94900000",
            "nonInterestIncome": "8418700000",
            "otherNonOperatingIncome": "21700000",
            "depreciation": "398100000",
            "depreciationAndAmortization": "81200000",
            "incomeBeforeTax": "2360600000",
            "incomeTaxExpense": "458400000",
            "interestAndDebtExpense": "102000000",
            "netIncomeFromContinuingOperations": "1903800000",
            "comprehensiveIncomeNetOfTax": "1919600000",
            "ebit": "2455500000",
            "ebitda": "2536700000",
            "netIncome": "1902200000"
        },
        {
            "fiscalDateEnding": "2021-12-31",
            "reportedCurrency": "USD",
            "grossProfit": "2714300000",
            "totalRevenue": "6739800000",
            "costOfRevenue": "4025500000",
            "costofGoodsAndServicesSold": "4025500000",
            "operatingIncome": "1287600000",
            "sellingGeneralAndAdministrative": "598400000",
            "researchAndDevelopment": "655000000",
            "operatingExpenses": "1426700000",
            "investmentIncomeNet": "1400000",
            "netInterestIncome": "-130400000",
            "interestIncome": "1400000",
            "interestExpense": "130400000",
            "nonInterestIncome": "6721000000",
            "otherNonOperatingIncome": "18000000",
            "depreciation": "436500000",
            "depreciationAndAmortization": "99000000",
            "incomeBeforeTax": "1156200000",
            "incomeTaxExpense": "146600000",
            "interestAndDebtExpense": "159400000",
            "netIncomeFromContinuingOperations": "1011200000",
            "comprehensiveIncomeNetOfTax": "1026600000",
            "ebit": "1286600000",
            "ebitda": "1385600000",
            "netIncome": "1009600000"
        },
        {
            "fiscalDateEnding": "2020-12-31",
            "reportedCurrency": "USD",
            "grossProfit": "1715800000",
            "totalRevenue": "5255000000",
            "costOfRevenue": "3539200000",
            "costofGoodsAndServicesSold": "3539200000",
            "operatingIncome": "348700000",
            "sellingGeneralAndAdministrative": "537400000",
            "researchAndDevelopment": "642900000",
            "operatingExpenses": "1367100000",
            "investmentIncomeNet": "4900000",
            "netInterestIncome": "-168400000",
            "interestIncome": "4900000",
            "interestExpense": "168400000",
            "nonInterestIncome": "5258200000",
            "otherNonOperatingIncome": "-8600000",
            "depreciation": "444100000",
            "depreciationAndAmortization": "120300000",
            "incomeBeforeTax": "174400000",
            "incomeTaxExpense": "-59800000",
            "interestAndDebtExpense": "168400000",
            "netIncomeFromContinuingOperations": "236400000",
            "comprehensiveIncomeNetOfTax": "230900000",
            "ebit": "342800000",
            "ebitda": "463100000",
            "netIncome": "234200000"
        },
        {
            "fiscalDateEnding": "2019-12-31",
            "reportedCurrency": "USD",
            "grossProfit": "1973600000",
            "totalRevenue": "5517900000",
            "costOfRevenue": "3544300000",
            "costofGoodsAndServicesSold": "3544300000",
            "operatingIncome": "432700000",
            "sellingGeneralAndAdministrative": "585000000",
            "researchAndDevelopment": "640900000",
            "operatingExpenses": "1540900000",
            "investmentIncomeNet": "10200000",
            "netInterestIncome": "-148300000",
            "interestIncome": "10200000",
            "interestExpense": "148300000",
            "nonInterestIncome": "5509800000",
            "otherNonOperatingIncome": "-11800000",
            "depreciation": "409700000",
            "depreciationAndAmortization": "115200000",
            "incomeBeforeTax": "274400000",
            "incomeTaxExpense": "62700000",
            "interestAndDebtExpense": "154500000",
            "netIncomeFromContinuingOperations": "213900000",
            "comprehensiveIncomeNetOfTax": "195300000",
            "ebit": "422700000",
            "ebitda": "537900000",
            "netIncome": "211700000"
        },
        {
            "fiscalDateEnding": "2018-12-31",
            "reportedCurrency": "USD",
            "grossProfit": "2238700000",
            "totalRevenue": "5878300000",
            "costOfRevenue": "3639600000",
            "costofGoodsAndServicesSold": "3639600000",
            "operatingIncome": "847200000",
            "sellingGeneralAndAdministrative": "618000000",
            "researchAndDevelopment": "650700000",
            "operatingExpenses": "1391500000",
            "investmentIncomeNet": "6100000",
            "netInterestIncome": "-128200000",
            "interestIncome": "6100000",
            "interestExpense": "128200000",
            "nonInterestIncome": "5876300000",
            "otherNonOperatingIncome": "-7100000",
            "depreciation": "359300000",
            "depreciationAndAmortization": "111700000",
            "incomeBeforeTax": "752500000",
            "incomeTaxExpense": "125100000",
            "interestAndDebtExpense": "131700000",
            "netIncomeFromContinuingOperations": "629900000",
            "comprehensiveIncomeNetOfTax": "630100000",
            "ebit": "880700000",
            "ebitda": "992400000",
            "netIncome": "627400000"
        }
    ],
    "quarterlyReports": [
        {
            "fiscalDateEnding": "2022-12-31",
            "reportedCurrency": "USD",
            "grossProfit": "1020500000",
            "totalRevenue": "2103600000",
            "costOfRevenue": "1083100000",
            "costofGoodsAndServicesSold": "1083100000",
            "operatingIncome": "704300000",
            "sellingGeneralAndAdministrative": "171400000",
            "researchAndDevelopment": "136400000",
            "operatingExpenses": "316200000",
            "investmentIncomeNet": "9100000",
            "netInterestIncome": "-27500000",
            "interestIncome": "9100000",
            "interestExpense": "27500000",
            "nonInterestIncome": "2159200000",
            "otherNonOperatingIncome": "12300000",
            "depreciation": "None",
            "depreciationAndAmortization": "16100000",
            "incomeBeforeTax": "763300000",
            "incomeTaxExpense": "159000000",
            "interestAndDebtExpense": "27300000",
            "netIncomeFromContinuingOperations": "604300000",
            "comprehensiveIncomeNetOfTax": "604500000",
            "ebit": "790800000",
            "ebitda": "806900000",
            "netIncome": "604300000"
        },
        {
            "fiscalDateEnding": "2022-09-30",
            "reportedCurrency": "USD",
            "grossProfit": "1058300000",
            "totalRevenue": "2192600000",
            "costOfRevenue": "1134300000",
            "costofGoodsAndServicesSold": "1134300000",
            "operatingIncome": "424500000",
            "sellingGeneralAndAdministrative": "154400000",
            "researchAndDevelopment": "145400000",
            "operatingExpenses": "633800000",
            "investmentIncomeNet": "4900000",
            "netInterestIncome": "-23700000",
            "interestIncome": "4900000",
            "interestExpense": "23700000",
            "nonInterestIncome": "2193500000",
            "otherNonOperatingIncome": "900000",
            "depreciation": "None",
            "depreciationAndAmortization": "21900000",
            "incomeBeforeTax": "406800000",
            "incomeTaxExpense": "94900000",
            "interestAndDebtExpense": "23700000",
            "netIncomeFromContinuingOperations": "311900000",
            "comprehensiveIncomeNetOfTax": "317800000",
            "ebit": "430500000",
            "ebitda": "452400000",
            "netIncome": "311900000"
        },
        {
            "fiscalDateEnding": "2022-06-30",
            "reportedCurrency": "USD",
            "grossProfit": "1037100000",
            "totalRevenue": "2085000000",
            "costOfRevenue": "1047900000",
            "costofGoodsAndServicesSold": "1047900000",
            "operatingIncome": "584000000",
            "sellingGeneralAndAdministrative": "83200000",
            "researchAndDevelopment": "161600000",
            "operatingExpenses": "453100000",
            "investmentIncomeNet": "None",
            "netInterestIncome": "-21000000",
            "interestIncome": "1100000",
            "interestExpense": "22100000",
            "nonInterestIncome": "None",
            "otherNonOperatingIncome": "6400000",
            "depreciation": "None",
            "depreciationAndAmortization": "139700000",
            "incomeBeforeTax": "563200000",
            "incomeTaxExpense": "107400000",
            "interestAndDebtExpense": "None",
            "netIncomeFromContinuingOperations": "-230000000",
            "comprehensiveIncomeNetOfTax": "452900000",
            "ebit": "585300000",
            "ebitda": "723700000",
            "netIncome": "455800000"
        },
        {
            "fiscalDateEnding": "2022-03-31",
            "reportedCurrency": "USD",
            "grossProfit": "961300000",
            "totalRevenue": "1945000000",
            "costOfRevenue": "983700000",
            "costofGoodsAndServicesSold": "983700000",
            "operatingIncome": "647200000",
            "sellingGeneralAndAdministrative": "77900000",
            "researchAndDevelopment": "156800000",
            "operatingExpenses": "314100000",
            "investmentIncomeNet": "None",
            "netInterestIncome": "-21200000",
            "interestIncome": "400000",
            "interestExpense": "21600000",
            "nonInterestIncome": "None",
            "otherNonOperatingIncome": "2100000",
            "depreciation": "None",
            "depreciationAndAmortization": "142300000",
            "incomeBeforeTax": "627300000",
            "incomeTaxExpense": "97100000",
            "interestAndDebtExpense": "None",
            "netIncomeFromContinuingOperations": "530200000",
            "comprehensiveIncomeNetOfTax": "544400000",
            "ebit": "648900000",
            "ebitda": "789500000",
            "netIncome": "530200000"
        },
        {
            "fiscalDateEnding": "2021-12-31",
            "reportedCurrency": "USD",
            "grossProfit": "832200000",
            "totalRevenue": "1846100000",
            "costOfRevenue": "1013900000",
            "costofGoodsAndServicesSold": "1013900000",
            "operatingIncome": "480300000",
            "sellingGeneralAndAdministrative": "153700000",
            "researchAndDevelopment": "160600000",
            "operatingExpenses": "351900000",
            "investmentIncomeNet": "300000",
            "netInterestIncome": "-32000000",
            "interestIncome": "300000",
            "interestExpense": "32000000",
            "nonInterestIncome": "1844100000",
            "otherNonOperatingIncome": "20400000",
            "depreciation": "None",
            "depreciationAndAmortization": "24500000",
            "incomeBeforeTax": "465700000",
            "incomeTaxExpense": "39800000",
            "interestAndDebtExpense": "34800000",
            "netIncomeFromContinuingOperations": "426400000",
            "comprehensiveIncomeNetOfTax": "433900000",
            "ebit": "497700000",
            "ebitda": "522200000",
            "netIncome": "425900000"
        },
        {
            "fiscalDateEnding": "2021-09-30",
            "reportedCurrency": "USD",
            "grossProfit": "720800000",
            "totalRevenue": "1742100000",
            "costOfRevenue": "1021300000",
            "costofGoodsAndServicesSold": "1021300000",
            "operatingIncome": "399200000",
            "sellingGeneralAndAdministrative": "144100000",
            "researchAndDevelopment": "154500000",
            "operatingExpenses": "321600000",
            "investmentIncomeNet": "500000",
            "netInterestIncome": "-31900000",
            "interestIncome": "500000",
            "interestExpense": "31900000",
            "nonInterestIncome": "1751500000",
            "otherNonOperatingIncome": "-5800000",
            "depreciation": "None",
            "depreciationAndAmortization": "24700000",
            "incomeBeforeTax": "371500000",
            "incomeTaxExpense": "61800000",
            "interestAndDebtExpense": "31900000",
            "netIncomeFromContinuingOperations": "310400000",
            "comprehensiveIncomeNetOfTax": "313300000",
            "ebit": "403400000",
            "ebitda": "428100000",
            "netIncome": "309700000"
        },
        {
            "fiscalDateEnding": "2021-06-30",
            "reportedCurrency": "USD",
            "grossProfit": "640100000",
            "totalRevenue": "1669900000",
            "costOfRevenue": "1029800000",
            "costofGoodsAndServicesSold": "1029800000",
            "operatingIncome": "282200000",
            "sellingGeneralAndAdministrative": "149300000",
            "researchAndDevelopment": "166300000",
            "operatingExpenses": "357900000",
            "investmentIncomeNet": "200000",
            "netInterestIncome": "-33100000",
            "interestIncome": "200000",
            "interestExpense": "33100000",
            "nonInterestIncome": "1642100000",
            "otherNonOperatingIncome": "-1100000",
            "depreciation": "None",
            "depreciationAndAmortization": "24800000",
            "incomeBeforeTax": "222000000",
            "incomeTaxExpense": "37900000",
            "interestAndDebtExpense": "59300000",
            "netIncomeFromContinuingOperations": "184100000",
            "comprehensiveIncomeNetOfTax": "187800000",
            "ebit": "255100000",
            "ebitda": "279900000",
            "netIncome": "184100000"
        },
        {
            "fiscalDateEnding": "2021-03-31",
            "reportedCurrency": "USD",
            "grossProfit": "521200000",
            "totalRevenue": "1481700000",
            "costOfRevenue": "960500000",
            "costofGoodsAndServicesSold": "960500000",
            "operatingIncome": "125900000",
            "sellingGeneralAndAdministrative": "151300000",
            "researchAndDevelopment": "173600000",
            "operatingExpenses": "395300000",
            "investmentIncomeNet": "400000",
            "netInterestIncome": "-33400000",
            "interestIncome": "400000",
            "interestExpense": "33400000",
            "nonInterestIncome": "1485400000",
            "otherNonOperatingIncome": "4500000",
            "depreciation": "None",
            "depreciationAndAmortization": "25000000",
            "incomeBeforeTax": "97000000",
            "incomeTaxExpense": "7100000",
            "interestAndDebtExpense": "33400000",
            "netIncomeFromContinuingOperations": "90300000",
            "comprehensiveIncomeNetOfTax": "91600000",
            "ebit": "130400000",
            "ebitda": "155400000",
            "netIncome": "89900000"
        },
        {
            "fiscalDateEnding": "2020-12-31",
            "reportedCurrency": "USD",
            "grossProfit": "497600000",
            "totalRevenue": "1446300000",
            "costOfRevenue": "948700000",
            "costofGoodsAndServicesSold": "948700000",
            "operatingIncome": "168000000",
            "sellingGeneralAndAdministrative": "133400000",
            "researchAndDevelopment": "159700000",
            "operatingExpenses": "329600000",
            "investmentIncomeNet": "600000",
            "netInterestIncome": "-41800000",
            "interestIncome": "600000",
            "interestExpense": "41800000",
            "nonInterestIncome": "1451100000",
            "otherNonOperatingIncome": "-6300000",
            "depreciation": "None",
            "depreciationAndAmortization": "29300000",
            "incomeBeforeTax": "119700000",
            "incomeTaxExpense": "30700000",
            "interestAndDebtExpense": "41800000",
            "netIncomeFromContinuingOperations": "497600000",
            "comprehensiveIncomeNetOfTax": "94800000",
            "ebit": "161500000",
            "ebitda": "190800000",
            "netIncome": "89000000"
        },
        {
            "fiscalDateEnding": "2020-09-30",
            "reportedCurrency": "USD",
            "grossProfit": "441200000",
            "totalRevenue": "1317300000",
            "costOfRevenue": "876100000",
            "costofGoodsAndServicesSold": "876100000",
            "operatingIncome": "119000000",
            "sellingGeneralAndAdministrative": "127500000",
            "researchAndDevelopment": "156100000",
            "operatingExpenses": "322200000",
            "investmentIncomeNet": "900000",
            "netInterestIncome": "-42200000",
            "interestIncome": "900000",
            "interestExpense": "42200000",
            "nonInterestIncome": "1317400000",
            "otherNonOperatingIncome": "400000",
            "depreciation": "None",
            "depreciationAndAmortization": "29600000",
            "incomeBeforeTax": "77500000",
            "incomeTaxExpense": "-83100000",
            "interestAndDebtExpense": "42200000",
            "netIncomeFromContinuingOperations": "441200000",
            "comprehensiveIncomeNetOfTax": "164800000",
            "ebit": "119700000",
            "ebitda": "149300000",
            "netIncome": "160600000"
        },
        {
            "fiscalDateEnding": "2020-06-30",
            "reportedCurrency": "USD",
            "grossProfit": "374300000",
            "totalRevenue": "1213500000",
            "costOfRevenue": "839200000",
            "costofGoodsAndServicesSold": "839200000",
            "operatingIncome": "43100000",
            "sellingGeneralAndAdministrative": "128500000",
            "researchAndDevelopment": "156100000",
            "operatingExpenses": "331200000",
            "investmentIncomeNet": "1500000",
            "netInterestIncome": "-41900000",
            "interestIncome": "1500000",
            "interestExpense": "41900000",
            "nonInterestIncome": "1210300000",
            "otherNonOperatingIncome": "-2800000",
            "depreciation": "None",
            "depreciationAndAmortization": "29100000",
            "incomeBeforeTax": "-600000",
            "incomeTaxExpense": "800000",
            "interestAndDebtExpense": "41900000",
            "netIncomeFromContinuingOperations": "374300000",
            "comprehensiveIncomeNetOfTax": "-2500000",
            "ebit": "41300000",
            "ebitda": "70400000",
            "netIncome": "-1400000"
        },
        {
            "fiscalDateEnding": "2020-03-31",
            "reportedCurrency": "USD",
            "grossProfit": "402700000",
            "totalRevenue": "1277900000",
            "costOfRevenue": "875200000",
            "costofGoodsAndServicesSold": "875200000",
            "operatingIncome": "18600000",
            "sellingGeneralAndAdministrative": "148000000",
            "researchAndDevelopment": "171000000",
            "operatingExpenses": "384100000",
            "investmentIncomeNet": "1900000",
            "netInterestIncome": "-42500000",
            "interestIncome": "1900000",
            "interestExpense": "42500000",
            "nonInterestIncome": "1277500000",
            "otherNonOperatingIncome": "100000",
            "depreciation": "None",
            "depreciationAndAmortization": "32300000",
            "incomeBeforeTax": "-22200000",
            "incomeTaxExpense": "-8200000",
            "interestAndDebtExpense": "42500000",
            "netIncomeFromContinuingOperations": "402700000",
            "comprehensiveIncomeNetOfTax": "-26200000",
            "ebit": "20300000",
            "ebitda": "52600000",
            "netIncome": "-14000000"
        },
        {
            "fiscalDateEnding": "2019-12-31",
            "reportedCurrency": "USD",
            "grossProfit": "485700000",
            "totalRevenue": "1401800000",
            "costOfRevenue": "916100000",
            "costofGoodsAndServicesSold": "916100000",
            "operatingIncome": "138900000",
            "sellingGeneralAndAdministrative": "144800000",
            "researchAndDevelopment": "169300000",
            "operatingExpenses": "346800000",
            "investmentIncomeNet": "2400000",
            "netInterestIncome": "-42200000",
            "interestIncome": "2400000",
            "interestExpense": "42200000",
            "nonInterestIncome": "1404200000",
            "otherNonOperatingIncome": "-16400000",
            "depreciation": "None",
            "depreciationAndAmortization": "32100000",
            "incomeBeforeTax": "82300000",
            "incomeTaxExpense": "25800000",
            "interestAndDebtExpense": "42200000",
            "netIncomeFromContinuingOperations": "485700000",
            "comprehensiveIncomeNetOfTax": "57800000",
            "ebit": "124500000",
            "ebitda": "156600000",
            "netIncome": "56500000"
        },
        {
            "fiscalDateEnding": "2019-09-30",
            "reportedCurrency": "USD",
            "grossProfit": "475200000",
            "totalRevenue": "1381800000",
            "costOfRevenue": "906600000",
            "costofGoodsAndServicesSold": "906600000",
            "operatingIncome": "-43900000",
            "sellingGeneralAndAdministrative": "142500000",
            "researchAndDevelopment": "172800000",
            "operatingExpenses": "519100000",
            "investmentIncomeNet": "2300000",
            "netInterestIncome": "-40700000",
            "interestIncome": "2300000",
            "interestExpense": "40700000",
            "nonInterestIncome": "1376300000",
            "otherNonOperatingIncome": "3500000",
            "depreciation": "None",
            "depreciationAndAmortization": "29900000",
            "incomeBeforeTax": "-85300000",
            "incomeTaxExpense": "-24600000",
            "interestAndDebtExpense": "52300000",
            "netIncomeFromContinuingOperations": "-60000000",
            "comprehensiveIncomeNetOfTax": "-62900000",
            "ebit": "-44600000",
            "ebitda": "-14700000",
            "netIncome": "-60700000"
        },
        {
            "fiscalDateEnding": "2019-06-30",
            "reportedCurrency": "USD",
            "grossProfit": "499000000",
            "totalRevenue": "1347700000",
            "costOfRevenue": "848700000",
            "costofGoodsAndServicesSold": "848700000",
            "operatingIncome": "158300000",
            "sellingGeneralAndAdministrative": "147700000",
            "researchAndDevelopment": "147000000",
            "operatingExpenses": "340700000",
            "investmentIncomeNet": "3000000",
            "netInterestIncome": "-33700000",
            "interestIncome": "3000000",
            "interestExpense": "33700000",
            "nonInterestIncome": "1346300000",
            "otherNonOperatingIncome": "-1000000",
            "depreciation": "None",
            "depreciationAndAmortization": "27500000",
            "incomeBeforeTax": "125100000",
            "incomeTaxExpense": "23300000",
            "interestAndDebtExpense": "34100000",
            "netIncomeFromContinuingOperations": "102900000",
            "comprehensiveIncomeNetOfTax": "92100000",
            "ebit": "158800000",
            "ebitda": "186300000",
            "netIncome": "101800000"
        },
        {
            "fiscalDateEnding": "2019-03-31",
            "reportedCurrency": "USD",
            "grossProfit": "513700000",
            "totalRevenue": "1386600000",
            "costOfRevenue": "872900000",
            "costofGoodsAndServicesSold": "872900000",
            "operatingIncome": "179400000",
            "sellingGeneralAndAdministrative": "150000000",
            "researchAndDevelopment": "151800000",
            "operatingExpenses": "334300000",
            "investmentIncomeNet": "2500000",
            "netInterestIncome": "-31700000",
            "interestIncome": "2500000",
            "interestExpense": "31700000",
            "nonInterestIncome": "1383100000",
            "otherNonOperatingIncome": "2100000",
            "depreciation": "None",
            "depreciationAndAmortization": "25700000",
            "incomeBeforeTax": "152300000",
            "incomeTaxExpense": "38200000",
            "interestAndDebtExpense": "31700000",
            "netIncomeFromContinuingOperations": "114100000",
            "comprehensiveIncomeNetOfTax": "108300000",
            "ebit": "184000000",
            "ebitda": "209700000",
            "netIncome": "114100000"
        },
        {
            "fiscalDateEnding": "2018-12-31",
            "reportedCurrency": "USD",
            "grossProfit": "569700000",
            "totalRevenue": "1503100000",
            "costOfRevenue": "933400000",
            "costofGoodsAndServicesSold": "933400000",
            "operatingIncome": "222700000",
            "sellingGeneralAndAdministrative": "156600000",
            "researchAndDevelopment": "162200000",
            "operatingExpenses": "347000000",
            "investmentIncomeNet": "2800000",
            "netInterestIncome": "-32900000",
            "interestIncome": "None",
            "interestExpense": "32900000",
            "nonInterestIncome": "1510100000",
            "otherNonOperatingIncome": "-7600000",
            "depreciation": "None",
            "depreciationAndAmortization": "28400000",
            "incomeBeforeTax": "188300000",
            "incomeTaxExpense": "22700000",
            "interestAndDebtExpense": "32900000",
            "netIncomeFromContinuingOperations": "569700000",
            "comprehensiveIncomeNetOfTax": "163200000",
            "ebit": "221200000",
            "ebitda": "249600000",
            "netIncome": "165600000"
        },
        {
            "fiscalDateEnding": "2018-09-30",
            "reportedCurrency": "USD",
            "grossProfit": "596600000",
            "totalRevenue": "1541700000",
            "costOfRevenue": "945100000",
            "costofGoodsAndServicesSold": "945100000",
            "operatingIncome": "241600000",
            "sellingGeneralAndAdministrative": "156400000",
            "researchAndDevelopment": "166200000",
            "operatingExpenses": "355000000",
            "investmentIncomeNet": "1300000",
            "netInterestIncome": "-31200000",
            "interestIncome": "None",
            "interestExpense": "31200000",
            "nonInterestIncome": "1542300000",
            "otherNonOperatingIncome": "3500000",
            "depreciation": "None",
            "depreciationAndAmortization": "28000000",
            "incomeBeforeTax": "215800000",
            "incomeTaxExpense": "48900000",
            "interestAndDebtExpense": "31800000",
            "netIncomeFromContinuingOperations": "167100000",
            "comprehensiveIncomeNetOfTax": "166300000",
            "ebit": "247000000",
            "ebitda": "275000000",
            "netIncome": "166900000"
        },
        {
            "fiscalDateEnding": "2018-06-30",
            "reportedCurrency": "USD",
            "grossProfit": "555000000",
            "totalRevenue": "1455900000",
            "costOfRevenue": "900900000",
            "costofGoodsAndServicesSold": "900900000",
            "operatingIncome": "197200000",
            "sellingGeneralAndAdministrative": "156300000",
            "researchAndDevelopment": "167100000",
            "operatingExpenses": "357800000",
            "investmentIncomeNet": "1100000",
            "netInterestIncome": "-32600000",
            "interestIncome": "None",
            "interestExpense": "32600000",
            "nonInterestIncome": "1454300000",
            "otherNonOperatingIncome": "-1000000",
            "depreciation": "None",
            "depreciationAndAmortization": "27900000",
            "incomeBeforeTax": "192400000",
            "incomeTaxExpense": "37100000",
            "interestAndDebtExpense": "36600000",
            "netIncomeFromContinuingOperations": "156300000",
            "comprehensiveIncomeNetOfTax": "154800000",
            "ebit": "225000000",
            "ebitda": "252900000",
            "netIncome": "155300000"
        },
        {
            "fiscalDateEnding": "2018-03-31",
            "reportedCurrency": "USD",
            "grossProfit": "517400000",
            "totalRevenue": "1377600000",
            "costOfRevenue": "860200000",
            "costofGoodsAndServicesSold": "860200000",
            "operatingIncome": "185700000",
            "sellingGeneralAndAdministrative": "148700000",
            "researchAndDevelopment": "155200000",
            "operatingExpenses": "331700000",
            "investmentIncomeNet": "900000",
            "netInterestIncome": "-31500000",
            "interestIncome": "None",
            "interestExpense": "31500000",
            "nonInterestIncome": "1371900000",
            "otherNonOperatingIncome": "-2000000",
            "depreciation": "None",
            "depreciationAndAmortization": "27400000",
            "incomeBeforeTax": "156000000",
            "incomeTaxExpense": "16400000",
            "interestAndDebtExpense": "31500000",
            "netIncomeFromContinuingOperations": "140500000",
            "comprehensiveIncomeNetOfTax": "145800000",
            "ebit": "187500000",
            "ebitda": "214900000",
            "netIncome": "139600000"
        }
    ]
}