{
    "symbol": "OXY",
    "annualReports": [
        {
            "fiscalDateEnding": "2022-12-31",
            "reportedCurrency": "USD",
            "grossProfit": "31950000000",
            "totalRevenue": "36634000000",
            "costOfRevenue": "4684000000",
            "costofGoodsAndServicesSold": "3273000000",
            "operatingIncome": "29052000000",
            "sellingGeneralAndAdministrative": "945000000",
            "researchAndDevelopment": "None",
            "operatingExpenses": "2898000000",
            "investmentIncomeNet": "None",
            "netInterestIncome": "49000000",
            "interestIncome": "388000000",
            "interestExpense": "-49000000",
            "nonInterestIncome": "36551000000",
            "otherNonOperatingIncome": "None",
            "depreciation": "None",
            "depreciationAndAmortization": "83000000",
            "incomeBeforeTax": "14117000000",
            "incomeTaxExpense": "813000000",
            "interestAndDebtExpense": "1030000000",
            "netIncomeFromContinuingOperations": "13304000000",
            "comprehensiveIncomeNetOfTax": "13707000000",
            "ebit": "14068000000",
            "ebitda": "14151000000",
            "netIncome": "13304000000"
        },
        {
            "fiscalDateEnding": "2021-12-31",
            "reportedCurrency": "USD",
            "grossProfit": "21771000000",
            "totalRevenue": "25956000000",
            "costOfRevenue": "4185000000",
            "costofGoodsAndServicesSold": "2772000000",
            "operatingIncome": "19041000000",
            "sellingGeneralAndAdministrative": "863000000",
            "researchAndDevelopment": "None",
            "operatingExpenses": "2730000000",
            "investmentIncomeNet": "None",
            "netInterestIncome": "48000000",
            "interestIncome": "669000000",
            "interestExpense": "-48000000",
            "nonInterestIncome": "26081000000",
            "otherNonOperatingIncome": "753000000",
            "depreciation": "None",
            "depreciationAndAmortization": "39000000",
            "incomeBeforeTax": "3237000000",
            "incomeTaxExpense": "915000000",
            "interestAndDebtExpense": "1614000000",
            "netIncomeFromContinuingOperations": "2790000000",
            "comprehensiveIncomeNetOfTax": "2402000000",
            "ebit": "3189000000",
            "ebitda": "3228000000",
            "netIncome": "2322000000"
        },
        {
            "fiscalDateEnding": "2020-12-31",
            "reportedCurrency": "USD",
            "grossProfit": "13939000000",
            "totalRevenue": "17809000000",
            "costOfRevenue": "3870000000",
            "costofGoodsAndServicesSold": "2408000000",
            "operatingIncome": "11461000000",
            "sellingGeneralAndAdministrative": "864000000",
            "researchAndDevelopment": "None",
            "operatingExpenses": "2478000000",
            "investmentIncomeNet": "None",
            "netInterestIncome": "69000000",
            "interestIncome": "3143000000",
            "interestExpense": "-69000000",
            "nonInterestIncome": "16707000000",
            "otherNonOperatingIncome": "-53000000",
            "depreciation": "None",
            "depreciationAndAmortization": "29000000",
            "incomeBeforeTax": "-17003000000",
            "incomeTaxExpense": "-2172000000",
            "interestAndDebtExpense": "1424000000",
            "netIncomeFromContinuingOperations": "-13533000000",
            "comprehensiveIncomeNetOfTax": "-14898000000",
            "ebit": "-17072000000",
            "ebitda": "-17043000000",
            "netIncome": "-14831000000"
        },
        {
            "fiscalDateEnding": "2019-12-31",
            "reportedCurrency": "USD",
            "grossProfit": "13553000000",
            "totalRevenue": "20911000000",
            "costOfRevenue": "6840000000",
            "costofGoodsAndServicesSold": "2791000000",
            "operatingIncome": "7833000000",
            "sellingGeneralAndAdministrative": "893000000",
            "researchAndDevelopment": "None",
            "operatingExpenses": "5720000000",
            "investmentIncomeNet": "None",
            "netInterestIncome": "83000000",
            "interestIncome": "217000000",
            "interestExpense": "-83000000",
            "nonInterestIncome": "18907000000",
            "otherNonOperatingIncome": "606000000",
            "depreciation": "None",
            "depreciationAndAmortization": "19000000",
            "incomeBeforeTax": "-124000000",
            "incomeTaxExpense": "861000000",
            "interestAndDebtExpense": "1066000000",
            "netIncomeFromContinuingOperations": "-507000000",
            "comprehensiveIncomeNetOfTax": "-716000000",
            "ebit": "-207000000",
            "ebitda": "-188000000",
            "netIncome": "-985000000"
        },
        {
            "fiscalDateEnding": "2018-12-31",
            "reportedCurrency": "USD",
            "grossProfit": "10667000000",
            "totalRevenue": "17824000000",
            "costOfRevenue": "4893000000",
            "costofGoodsAndServicesSold": "2833000000",
            "operatingIncome": "9640000000",
            "sellingGeneralAndAdministrative": "585000000",
            "researchAndDevelopment": "None",
            "operatingExpenses": "1027000000",
            "investmentIncomeNet": "None",
            "netInterestIncome": "46000000",
            "interestIncome": "136000000",
            "interestExpense": "-46000000",
            "nonInterestIncome": "17824000000",
            "otherNonOperatingIncome": "331000000",
            "depreciation": "None",
            "depreciationAndAmortization": "3977000000",
            "incomeBeforeTax": "5608000000",
            "incomeTaxExpense": "1477000000",
            "interestAndDebtExpense": "389000000",
            "netIncomeFromContinuingOperations": "4131000000",
            "comprehensiveIncomeNetOfTax": "4275000000",
            "ebit": "5562000000",
            "ebitda": "9230000000",
            "netIncome": "4131000000"
        }
    ],
    "quarterlyReports": [
        {
            "fiscalDateEnding": "2022-12-31",
            "reportedCurrency": "USD",
            "grossProfit": "6792000000",
            "totalRevenue": "8219000000",
            "costOfRevenue": "1427000000",
            "costofGoodsAndServicesSold": "785000000",
            "operatingIncome": "5670000000",
            "sellingGeneralAndAdministrative": "258000000",
            "researchAndDevelopment": "None",
            "operatingExpenses": "1122000000",
            "investmentIncomeNet": "None",
            "netInterestIncome": "-229000000",
            "interestIncome": "8000000",
            "interestExpense": "260000000",
            "nonInterestIncome": "8296000000",
            "otherNonOperatingIncome": "None",
            "depreciation": "None",
            "depreciationAndAmortization": "1819000000",
            "incomeBeforeTax": "2400000000",
            "incomeTaxExpense": "473000000",
            "interestAndDebtExpense": "260000000",
            "netIncomeFromContinuingOperations": "1927000000",
            "comprehensiveIncomeNetOfTax": "2209000000",
            "ebit": "5670000000",
            "ebitda": "5011000000",
            "netIncome": "1927000000"
        },
        {
            "fiscalDateEnding": "2022-09-30",
            "reportedCurrency": "USD",
            "grossProfit": "8304000000",
            "totalRevenue": "9390000000",
            "costOfRevenue": "1086000000",
            "costofGoodsAndServicesSold": "835000000",
            "operatingIncome": "7687000000",
            "sellingGeneralAndAdministrative": "247000000",
            "researchAndDevelopment": "None",
            "operatingExpenses": "617000000",
            "investmentIncomeNet": "None",
            "netInterestIncome": "-248000000",
            "interestIncome": "55000000",
            "interestExpense": "285000000",
            "nonInterestIncome": "9429000000",
            "otherNonOperatingIncome": "266000000",
            "depreciation": "None",
            "depreciationAndAmortization": "1736000000",
            "incomeBeforeTax": "3648000000",
            "incomeTaxExpense": "902000000",
            "interestAndDebtExpense": "285000000",
            "netIncomeFromContinuingOperations": "2746000000",
            "comprehensiveIncomeNetOfTax": "2794000000",
            "ebit": "7687000000",
            "ebitda": "5333000000",
            "netIncome": "2746000000"
        },
        {
            "fiscalDateEnding": "2022-06-30",
            "reportedCurrency": "USD",
            "grossProfit": "9584000000",
            "totalRevenue": "10676000000",
            "costOfRevenue": "1092000000",
            "costofGoodsAndServicesSold": "835000000",
            "operatingIncome": "9010000000",
            "sellingGeneralAndAdministrative": "244000000",
            "researchAndDevelopment": "None",
            "operatingExpenses": "574000000",
            "investmentIncomeNet": "None",
            "netInterestIncome": "-78000000",
            "interestIncome": "36000000",
            "interestExpense": "114000000",
            "nonInterestIncome": "10478000000",
            "otherNonOperatingIncome": "328000000",
            "depreciation": "None",
            "depreciationAndAmortization": "1728000000",
            "incomeBeforeTax": "4986000000",
            "incomeTaxExpense": "1231000000",
            "interestAndDebtExpense": "114000000",
            "netIncomeFromContinuingOperations": "3755000000",
            "comprehensiveIncomeNetOfTax": "3800000000",
            "ebit": "9010000000",
            "ebitda": "6490000000",
            "netIncome": "3755000000"
        },
        {
            "fiscalDateEnding": "2022-03-31",
            "reportedCurrency": "USD",
            "grossProfit": "7270000000",
            "totalRevenue": "8349000000",
            "costOfRevenue": "1079000000",
            "costofGoodsAndServicesSold": "818000000",
            "operatingIncome": "6685000000",
            "sellingGeneralAndAdministrative": "196000000",
            "researchAndDevelopment": "None",
            "operatingExpenses": "585000000",
            "investmentIncomeNet": "None",
            "netInterestIncome": "-322000000",
            "interestIncome": "49000000",
            "interestExpense": "371000000",
            "nonInterestIncome": "8348000000",
            "otherNonOperatingIncome": "324000000",
            "depreciation": "None",
            "depreciationAndAmortization": "1643000000",
            "incomeBeforeTax": "3083000000",
            "incomeTaxExpense": "-1793000000",
            "interestAndDebtExpense": "371000000",
            "netIncomeFromContinuingOperations": "4876000000",
            "comprehensiveIncomeNetOfTax": "4904000000",
            "ebit": "6685000000",
            "ebitda": "4703000000",
            "netIncome": "4876000000"
        },
        {
            "fiscalDateEnding": "2021-12-31",
            "reportedCurrency": "USD",
            "grossProfit": "6434000000",
            "totalRevenue": "7913000000",
            "costOfRevenue": "1479000000",
            "costofGoodsAndServicesSold": "771000000",
            "operatingIncome": "5316000000",
            "sellingGeneralAndAdministrative": "280000000",
            "researchAndDevelopment": "None",
            "operatingExpenses": "1118000000",
            "investmentIncomeNet": "None",
            "netInterestIncome": "-361000000",
            "interestIncome": "172000000",
            "interestExpense": "385000000",
            "nonInterestIncome": "7765000000",
            "otherNonOperatingIncome": "140000000",
            "depreciation": "None",
            "depreciationAndAmortization": "1966000000",
            "incomeBeforeTax": "2006000000",
            "incomeTaxExpense": "469000000",
            "interestAndDebtExpense": "385000000",
            "netIncomeFromContinuingOperations": "1561000000",
            "comprehensiveIncomeNetOfTax": "1611000000",
            "ebit": "5316000000",
            "ebitda": "4498000000",
            "netIncome": "1537000000"
        },
        {
            "fiscalDateEnding": "2021-09-30",
            "reportedCurrency": "USD",
            "grossProfit": "5792000000",
            "totalRevenue": "6792000000",
            "costOfRevenue": "1000000000",
            "costofGoodsAndServicesSold": "731000000",
            "operatingIncome": "5236000000",
            "sellingGeneralAndAdministrative": "240000000",
            "researchAndDevelopment": "None",
            "operatingExpenses": "556000000",
            "investmentIncomeNet": "None",
            "netInterestIncome": "-431000000",
            "interestIncome": "307000000",
            "interestExpense": "449000000",
            "nonInterestIncome": "6854000000",
            "otherNonOperatingIncome": "137000000",
            "depreciation": "None",
            "depreciationAndAmortization": "1916000000",
            "incomeBeforeTax": "1215000000",
            "incomeTaxExpense": "387000000",
            "interestAndDebtExpense": "449000000",
            "netIncomeFromContinuingOperations": "830000000",
            "comprehensiveIncomeNetOfTax": "784000000",
            "ebit": "5236000000",
            "ebitda": "3649000000",
            "netIncome": "828000000"
        },
        {
            "fiscalDateEnding": "2021-06-30",
            "reportedCurrency": "USD",
            "grossProfit": "5053000000",
            "totalRevenue": "5958000000",
            "costOfRevenue": "905000000",
            "costofGoodsAndServicesSold": "676000000",
            "operatingIncome": "4490000000",
            "sellingGeneralAndAdministrative": "177000000",
            "researchAndDevelopment": "None",
            "operatingExpenses": "563000000",
            "investmentIncomeNet": "None",
            "netInterestIncome": "-336000000",
            "interestIncome": "49000000",
            "interestExpense": "385000000",
            "nonInterestIncome": "5879000000",
            "otherNonOperatingIncome": "-44000000",
            "depreciation": "None",
            "depreciationAndAmortization": "2371000000",
            "incomeBeforeTax": "146000000",
            "incomeTaxExpense": "43000000",
            "interestAndDebtExpense": "385000000",
            "netIncomeFromContinuingOperations": "100000000",
            "comprehensiveIncomeNetOfTax": "100000000",
            "ebit": "4490000000",
            "ebitda": "3013000000",
            "netIncome": "103000000"
        },
        {
            "fiscalDateEnding": "2021-03-31",
            "reportedCurrency": "USD",
            "grossProfit": "4492000000",
            "totalRevenue": "5293000000",
            "costOfRevenue": "801000000",
            "costofGoodsAndServicesSold": "594000000",
            "operatingIncome": "3999000000",
            "sellingGeneralAndAdministrative": "166000000",
            "researchAndDevelopment": "None",
            "operatingExpenses": "493000000",
            "investmentIncomeNet": "None",
            "netInterestIncome": "-320000000",
            "interestIncome": "75000000",
            "interestExpense": "395000000",
            "nonInterestIncome": "5583000000",
            "otherNonOperatingIncome": "520000000",
            "depreciation": "None",
            "depreciationAndAmortization": "2194000000",
            "incomeBeforeTax": "-130000000",
            "incomeTaxExpense": "16000000",
            "interestAndDebtExpense": "395000000",
            "netIncomeFromContinuingOperations": "299000000",
            "comprehensiveIncomeNetOfTax": "-93000000",
            "ebit": "3999000000",
            "ebitda": "2449000000",
            "netIncome": "-146000000"
        },
        {
            "fiscalDateEnding": "2020-12-31",
            "reportedCurrency": "USD",
            "grossProfit": "3068000000",
            "totalRevenue": "4160000000",
            "costOfRevenue": "1092000000",
            "costofGoodsAndServicesSold": "601000000",
            "operatingIncome": "2202000000",
            "sellingGeneralAndAdministrative": "209000000",
            "researchAndDevelopment": "None",
            "operatingExpenses": "866000000",
            "investmentIncomeNet": "None",
            "netInterestIncome": "78000000",
            "interestIncome": "914000000",
            "interestExpense": "-78000000",
            "nonInterestIncome": "4704000000",
            "otherNonOperatingIncome": "337000000",
            "depreciation": "None",
            "depreciationAndAmortization": "15000000",
            "incomeBeforeTax": "-1388000000",
            "incomeTaxExpense": "-276000000",
            "interestAndDebtExpense": "409000000",
            "netIncomeFromContinuingOperations": "-1149000000",
            "comprehensiveIncomeNetOfTax": "-1117000000",
            "ebit": "-1466000000",
            "ebitda": "-1451000000",
            "netIncome": "-1112000000"
        },
        {
            "fiscalDateEnding": "2020-09-30",
            "reportedCurrency": "USD",
            "grossProfit": "3314000000",
            "totalRevenue": "4108000000",
            "costOfRevenue": "794000000",
            "costofGoodsAndServicesSold": "618000000",
            "operatingIncome": "2878000000",
            "sellingGeneralAndAdministrative": "166000000",
            "researchAndDevelopment": "None",
            "operatingExpenses": "436000000",
            "investmentIncomeNet": "None",
            "netInterestIncome": "-3000000",
            "interestIncome": "988000000",
            "interestExpense": "3000000",
            "nonInterestIncome": "4106000000",
            "otherNonOperatingIncome": "211000000",
            "depreciation": "None",
            "depreciationAndAmortization": "5000000",
            "incomeBeforeTax": "-3978000000",
            "incomeTaxExpense": "-403000000",
            "interestAndDebtExpense": "353000000",
            "netIncomeFromContinuingOperations": "-3655000000",
            "comprehensiveIncomeNetOfTax": "-3546000000",
            "ebit": "-3975000000",
            "ebitda": "-3970000000",
            "netIncome": "-3575000000"
        },
        {
            "fiscalDateEnding": "2020-06-30",
            "reportedCurrency": "USD",
            "grossProfit": "-6630000000",
            "totalRevenue": "2928000000",
            "costOfRevenue": "9558000000",
            "costofGoodsAndServicesSold": "577000000",
            "operatingIncome": "-15758000000",
            "sellingGeneralAndAdministrative": "225000000",
            "researchAndDevelopment": "None",
            "operatingExpenses": "9128000000",
            "investmentIncomeNet": "None",
            "netInterestIncome": "-3000000",
            "interestIncome": "33000000",
            "interestExpense": "3000000",
            "nonInterestIncome": "3232000000",
            "otherNonOperatingIncome": "117000000",
            "depreciation": "None",
            "depreciationAndAmortization": "7000000",
            "incomeBeforeTax": "-9821000000",
            "incomeTaxExpense": "-1468000000",
            "interestAndDebtExpense": "310000000",
            "netIncomeFromContinuingOperations": "-6716000000",
            "comprehensiveIncomeNetOfTax": "-8109000000",
            "ebit": "-9818000000",
            "ebitda": "-9811000000",
            "netIncome": "-8353000000"
        },
        {
            "fiscalDateEnding": "2020-03-31",
            "reportedCurrency": "USD",
            "grossProfit": "4168000000",
            "totalRevenue": "6613000000",
            "costOfRevenue": "2242000000",
            "costofGoodsAndServicesSold": "612000000",
            "operatingIncome": "2306000000",
            "sellingGeneralAndAdministrative": "264000000",
            "researchAndDevelopment": "None",
            "operatingExpenses": "1862000000",
            "investmentIncomeNet": "None",
            "netInterestIncome": "-3000000",
            "interestIncome": "34000000",
            "interestExpense": "3000000",
            "nonInterestIncome": "4462000000",
            "otherNonOperatingIncome": "-718000000",
            "depreciation": "None",
            "depreciationAndAmortization": "4000000",
            "incomeBeforeTax": "-2257000000",
            "incomeTaxExpense": "-25000000",
            "interestAndDebtExpense": "352000000",
            "netIncomeFromContinuingOperations": "-2013000000",
            "comprehensiveIncomeNetOfTax": "-2126000000",
            "ebit": "-2254000000",
            "ebitda": "-2250000000",
            "netIncome": "-2232000000"
        },
        {
            "fiscalDateEnding": "2019-12-31",
            "reportedCurrency": "USD",
            "grossProfit": "4660000000",
            "totalRevenue": "6628000000",
            "costOfRevenue": "3336000000",
            "costofGoodsAndServicesSold": "745000000",
            "operatingIncome": "1393000000",
            "sellingGeneralAndAdministrative": "345000000",
            "researchAndDevelopment": "None",
            "operatingExpenses": "3417000000",
            "investmentIncomeNet": "None",
            "netInterestIncome": "206000000",
            "interestIncome": "42000000",
            "interestExpense": "-206000000",
            "nonInterestIncome": "4679000000",
            "otherNonOperatingIncome": "365000000",
            "depreciation": "None",
            "depreciationAndAmortization": "8000000",
            "incomeBeforeTax": "-1172000000",
            "incomeTaxExpense": "167000000",
            "interestAndDebtExpense": "434000000",
            "netIncomeFromContinuingOperations": "-1036000000",
            "comprehensiveIncomeNetOfTax": "-1028000000",
            "ebit": "-1378000000",
            "ebitda": "-1370000000",
            "netIncome": "-1339000000"
        },
        {
            "fiscalDateEnding": "2019-09-30",
            "reportedCurrency": "USD",
            "grossProfit": "3363000000",
            "totalRevenue": "5859000000",
            "costOfRevenue": "1868000000",
            "costofGoodsAndServicesSold": "741000000",
            "operatingIncome": "1810000000",
            "sellingGeneralAndAdministrative": "245000000",
            "researchAndDevelopment": "None",
            "operatingExpenses": "1553000000",
            "investmentIncomeNet": "None",
            "netInterestIncome": "-66000000",
            "interestIncome": "56000000",
            "interestExpense": "66000000",
            "nonInterestIncome": "5654000000",
            "otherNonOperatingIncome": "71000000",
            "depreciation": "None",
            "depreciationAndAmortization": "5000000",
            "incomeBeforeTax": "-749000000",
            "incomeTaxExpense": "163000000",
            "interestAndDebtExpense": "381000000",
            "netIncomeFromContinuingOperations": "-737000000",
            "comprehensiveIncomeNetOfTax": "-942000000",
            "ebit": "-683000000",
            "ebitda": "-678000000",
            "netIncome": "-912000000"
        },
        {
            "fiscalDateEnding": "2019-06-30",
            "reportedCurrency": "USD",
            "grossProfit": "2861000000",
            "totalRevenue": "4420000000",
            "costOfRevenue": "1559000000",
            "costofGoodsAndServicesSold": "636000000",
            "operatingIncome": "2653000000",
            "sellingGeneralAndAdministrative": "163000000",
            "researchAndDevelopment": "None",
            "operatingExpenses": "208000000",
            "investmentIncomeNet": "None",
            "netInterestIncome": "-112000000",
            "interestIncome": "41000000",
            "interestExpense": "0",
            "nonInterestIncome": "3731000000",
            "otherNonOperatingIncome": "97000000",
            "depreciation": "None",
            "depreciationAndAmortization": "1031000000",
            "incomeBeforeTax": "941000000",
            "incomeTaxExpense": "306000000",
            "interestAndDebtExpense": "153000000",
            "netIncomeFromContinuingOperations": "635000000",
            "comprehensiveIncomeNetOfTax": "619000000",
            "ebit": "941000000",
            "ebitda": "2063000000",
            "netIncome": "635000000"
        },
        {
            "fiscalDateEnding": "2019-03-31",
            "reportedCurrency": "USD",
            "grossProfit": "1979000000",
            "totalRevenue": "4004000000",
            "costOfRevenue": "1456000000",
            "costofGoodsAndServicesSold": "669000000",
            "operatingIncome": "1832000000",
            "sellingGeneralAndAdministrative": "140000000",
            "researchAndDevelopment": "None",
            "operatingExpenses": "140000000",
            "investmentIncomeNet": "None",
            "netInterestIncome": "-20000000",
            "interestIncome": "151000000",
            "interestExpense": "0",
            "nonInterestIncome": "4011000000",
            "otherNonOperatingIncome": "73000000",
            "depreciation": "None",
            "depreciationAndAmortization": "973000000",
            "incomeBeforeTax": "856000000",
            "incomeTaxExpense": "225000000",
            "interestAndDebtExpense": "98000000",
            "netIncomeFromContinuingOperations": "631000000",
            "comprehensiveIncomeNetOfTax": "635000000",
            "ebit": "856000000",
            "ebitda": "1847000000",
            "netIncome": "631000000"
        },
        {
            "fiscalDateEnding": "2018-12-31",
            "reportedCurrency": "USD",
            "grossProfit": "-2062000000",
            "totalRevenue": "6011000000",
            "costOfRevenue": "4560000000",
            "costofGoodsAndServicesSold": "705000000",
            "operatingIncome": "-2696000000",
            "sellingGeneralAndAdministrative": "252000000",
            "researchAndDevelopment": "None",
            "operatingExpenses": "1603000000",
            "investmentIncomeNet": "None",
            "netInterestIncome": "None",
            "interestIncome": "None",
            "interestExpense": "99000000",
            "nonInterestIncome": "5042000000",
            "otherNonOperatingIncome": "-866000000",
            "depreciation": "None",
            "depreciationAndAmortization": "1086000000",
            "incomeBeforeTax": "832000000",
            "incomeTaxExpense": "126000000",
            "interestAndDebtExpense": "99000000",
            "netIncomeFromContinuingOperations": "706000000",
            "comprehensiveIncomeNetOfTax": "689000000",
            "ebit": "-2696000000",
            "ebitda": "2214000000",
            "netIncome": "706000000"
        },
        {
            "fiscalDateEnding": "2018-09-30",
            "reportedCurrency": "USD",
            "grossProfit": "5106000000",
            "totalRevenue": "4257000000",
            "costOfRevenue": "110000000",
            "costofGoodsAndServicesSold": "722000000",
            "operatingIncome": "4972000000",
            "sellingGeneralAndAdministrative": "110000000",
            "researchAndDevelopment": "None",
            "operatingExpenses": "-792000000",
            "investmentIncomeNet": "None",
            "netInterestIncome": "None",
            "interestIncome": "None",
            "interestExpense": "96000000",
            "nonInterestIncome": "5183000000",
            "otherNonOperatingIncome": "1013000000",
            "depreciation": "None",
            "depreciationAndAmortization": "1023000000",
            "incomeBeforeTax": "2579000000",
            "incomeTaxExpense": "710000000",
            "interestAndDebtExpense": "96000000",
            "netIncomeFromContinuingOperations": "1869000000",
            "comprehensiveIncomeNetOfTax": "2022000000",
            "ebit": "4972000000",
            "ebitda": "2899000000",
            "netIncome": "1869000000"
        },
        {
            "fiscalDateEnding": "2018-06-30",
            "reportedCurrency": "USD",
            "grossProfit": "3968000000",
            "totalRevenue": "4083000000",
            "costOfRevenue": "115000000",
            "costofGoodsAndServicesSold": "1365000000",
            "operatingIncome": "3832000000",
            "sellingGeneralAndAdministrative": "115000000",
            "researchAndDevelopment": "None",
            "operatingExpenses": "126000000",
            "investmentIncomeNet": "None",
            "netInterestIncome": "None",
            "interestIncome": "None",
            "interestExpense": "97000000",
            "nonInterestIncome": "3841000000",
            "otherNonOperatingIncome": "88000000",
            "depreciation": "None",
            "depreciationAndAmortization": "947000000",
            "incomeBeforeTax": "1150000000",
            "incomeTaxExpense": "302000000",
            "interestAndDebtExpense": "97000000",
            "netIncomeFromContinuingOperations": "848000000",
            "comprehensiveIncomeNetOfTax": "852000000",
            "ebit": "3832000000",
            "ebitda": "2118000000",
            "netIncome": "848000000"
        },
        {
            "fiscalDateEnding": "2018-03-31",
            "reportedCurrency": "USD",
            "grossProfit": "3655000000",
            "totalRevenue": "3694000000",
            "costOfRevenue": "108000000",
            "costofGoodsAndServicesSold": "1350000000",
            "operatingIncome": "3532000000",
            "sellingGeneralAndAdministrative": "108000000",
            "researchAndDevelopment": "None",
            "operatingExpenses": "90000000",
            "investmentIncomeNet": "None",
            "netInterestIncome": "None",
            "interestIncome": "None",
            "interestExpense": "97000000",
            "nonInterestIncome": "3727000000",
            "otherNonOperatingIncome": "96000000",
            "depreciation": "None",
            "depreciationAndAmortization": "921000000",
            "incomeBeforeTax": "1047000000",
            "incomeTaxExpense": "339000000",
            "interestAndDebtExpense": "97000000",
            "netIncomeFromContinuingOperations": "708000000",
            "comprehensiveIncomeNetOfTax": "712000000",
            "ebit": "3532000000",
            "ebitda": "1999000000",
            "netIncome": "708000000"
        }
    ]
}