{
    "symbol": "PCG",
    "annualReports": [
        {
            "fiscalDateEnding": "2022-12-31",
            "reportedCurrency": "USD",
            "grossProfit": "21209000000",
            "totalRevenue": "21680000000",
            "costOfRevenue": "471000000",
            "costofGoodsAndServicesSold": "14665000000",
            "operatingIncome": "1837000000",
            "sellingGeneralAndAdministrative": "115000000",
            "researchAndDevelopment": "None",
            "operatingExpenses": "20101000000",
            "investmentIncomeNet": "162000000",
            "netInterestIncome": "-1917000000",
            "interestIncome": "162000000",
            "interestExpense": "1917000000",
            "nonInterestIncome": "None",
            "otherNonOperatingIncome": "394000000",
            "depreciation": "None",
            "depreciationAndAmortization": "4412000000",
            "incomeBeforeTax": "476000000",
            "incomeTaxExpense": "-1338000000",
            "interestAndDebtExpense": "1917000000",
            "netIncomeFromContinuingOperations": "1814000000",
            "comprehensiveIncomeNetOfTax": "1829000000",
            "ebit": "1837000000",
            "ebitda": "6249000000",
            "netIncome": "1814000000"
        },
        {
            "fiscalDateEnding": "2021-12-31",
            "reportedCurrency": "USD",
            "grossProfit": "20299000000",
            "totalRevenue": "20642000000",
            "costOfRevenue": "343000000",
            "costofGoodsAndServicesSold": "14581000000",
            "operatingIncome": "1883000000",
            "sellingGeneralAndAdministrative": "56000000",
            "researchAndDevelopment": "None",
            "operatingExpenses": "18969000000",
            "investmentIncomeNet": "20000000",
            "netInterestIncome": "-1601000000",
            "interestIncome": "20000000",
            "interestExpense": "1601000000",
            "nonInterestIncome": "None",
            "otherNonOperatingIncome": "457000000",
            "depreciation": "None",
            "depreciationAndAmortization": "3869000000",
            "incomeBeforeTax": "748000000",
            "incomeTaxExpense": "836000000",
            "interestAndDebtExpense": "1601000000",
            "netIncomeFromContinuingOperations": "-88000000",
            "comprehensiveIncomeNetOfTax": "-81000000",
            "ebit": "1883000000",
            "ebitda": "5752000000",
            "netIncome": "-88000000"
        },
        {
            "fiscalDateEnding": "2020-12-31",
            "reportedCurrency": "USD",
            "grossProfit": "18169000000",
            "totalRevenue": "18469000000",
            "costOfRevenue": "300000000",
            "costofGoodsAndServicesSold": "12582000000",
            "operatingIncome": "1755000000",
            "sellingGeneralAndAdministrative": "35000000",
            "researchAndDevelopment": "None",
            "operatingExpenses": "16749000000",
            "investmentIncomeNet": "39000000",
            "netInterestIncome": "-1260000000",
            "interestIncome": "39000000",
            "interestExpense": "1260000000",
            "nonInterestIncome": "None",
            "otherNonOperatingIncome": "483000000",
            "depreciation": "None",
            "depreciationAndAmortization": "3468000000",
            "incomeBeforeTax": "-942000000",
            "incomeTaxExpense": "362000000",
            "interestAndDebtExpense": "1260000000",
            "netIncomeFromContinuingOperations": "-1304000000",
            "comprehensiveIncomeNetOfTax": "-1321000000",
            "ebit": "1755000000",
            "ebitda": "5996000000",
            "netIncome": "-1304000000"
        },
        {
            "fiscalDateEnding": "2019-12-31",
            "reportedCurrency": "USD",
            "grossProfit": "16805000000",
            "totalRevenue": "17129000000",
            "costOfRevenue": "324000000",
            "costofGoodsAndServicesSold": "12554000000",
            "operatingIncome": "-10094000000",
            "sellingGeneralAndAdministrative": "50000000",
            "researchAndDevelopment": "None",
            "operatingExpenses": "27273000000",
            "investmentIncomeNet": "82000000",
            "netInterestIncome": "-934000000",
            "interestIncome": "852000000",
            "interestExpense": "934000000",
            "nonInterestIncome": "None",
            "otherNonOperatingIncome": "250000000",
            "depreciation": "None",
            "depreciationAndAmortization": "3234000000",
            "incomeBeforeTax": "-11042000000",
            "incomeTaxExpense": "-3400000000",
            "interestAndDebtExpense": "934000000",
            "netIncomeFromContinuingOperations": "-7642000000",
            "comprehensiveIncomeNetOfTax": "-7643000000",
            "ebit": "-10094000000",
            "ebitda": "4907000000",
            "netIncome": "-7642000000"
        },
        {
            "fiscalDateEnding": "2018-12-31",
            "reportedCurrency": "USD",
            "grossProfit": "15170000000",
            "totalRevenue": "16759000000",
            "costOfRevenue": "660000000",
            "costofGoodsAndServicesSold": "11652000000",
            "operatingIncome": "-9700000000",
            "sellingGeneralAndAdministrative": "449000000",
            "researchAndDevelopment": "None",
            "operatingExpenses": "26908000000",
            "investmentIncomeNet": "76000000",
            "netInterestIncome": "-929000000",
            "interestIncome": "76000000",
            "interestExpense": "929000000",
            "nonInterestIncome": "16759000000",
            "otherNonOperatingIncome": "424000000",
            "depreciation": "None",
            "depreciationAndAmortization": "3036000000",
            "incomeBeforeTax": "-10129000000",
            "incomeTaxExpense": "-3292000000",
            "interestAndDebtExpense": "929000000",
            "netIncomeFromContinuingOperations": "-6837000000",
            "comprehensiveIncomeNetOfTax": "-6833000000",
            "ebit": "-9700000000",
            "ebitda": "-6164000000",
            "netIncome": "-6837000000"
        }
    ],
    "quarterlyReports": [
        {
            "fiscalDateEnding": "2022-12-31",
            "reportedCurrency": "USD",
            "grossProfit": "5025000000",
            "totalRevenue": "5370000000",
            "costOfRevenue": "345000000",
            "costofGoodsAndServicesSold": "3523000000",
            "operatingIncome": "130000000",
            "sellingGeneralAndAdministrative": "17000000",
            "researchAndDevelopment": "None",
            "operatingExpenses": "5372000000",
            "investmentIncomeNet": "92000000",
            "netInterestIncome": "-562000000",
            "interestIncome": "92000000",
            "interestExpense": "562000000",
            "nonInterestIncome": "None",
            "otherNonOperatingIncome": "148000000",
            "depreciation": "None",
            "depreciationAndAmortization": "857000000",
            "incomeBeforeTax": "-192000000",
            "incomeTaxExpense": "-709000000",
            "interestAndDebtExpense": "562000000",
            "netIncomeFromContinuingOperations": "517000000",
            "comprehensiveIncomeNetOfTax": "549000000",
            "ebit": "130000000",
            "ebitda": "1311000000",
            "netIncome": "517000000"
        },
        {
            "fiscalDateEnding": "2022-09-30",
            "reportedCurrency": "USD",
            "grossProfit": "5394000000",
            "totalRevenue": "5394000000",
            "costOfRevenue": "3539000000",
            "costofGoodsAndServicesSold": "3539000000",
            "operatingIncome": "726000000",
            "sellingGeneralAndAdministrative": "50000000",
            "researchAndDevelopment": "None",
            "operatingExpenses": "4668000000",
            "investmentIncomeNet": "43000000",
            "netInterestIncome": "-525000000",
            "interestIncome": "482000000",
            "interestExpense": "525000000",
            "nonInterestIncome": "None",
            "otherNonOperatingIncome": "118000000",
            "depreciation": "None",
            "depreciationAndAmortization": "1187000000",
            "incomeBeforeTax": "362000000",
            "incomeTaxExpense": "-97000000",
            "interestAndDebtExpense": "525000000",
            "netIncomeFromContinuingOperations": "459000000",
            "comprehensiveIncomeNetOfTax": "447000000",
            "ebit": "726000000",
            "ebitda": "2083000000",
            "netIncome": "459000000"
        },
        {
            "fiscalDateEnding": "2022-06-30",
            "reportedCurrency": "USD",
            "grossProfit": "5118000000",
            "totalRevenue": "5118000000",
            "costOfRevenue": "3430000000",
            "costofGoodsAndServicesSold": "3430000000",
            "operatingIncome": "445000000",
            "sellingGeneralAndAdministrative": "145000000",
            "researchAndDevelopment": "None",
            "operatingExpenses": "4673000000",
            "investmentIncomeNet": "19000000",
            "netInterestIncome": "-411000000",
            "interestIncome": "19000000",
            "interestExpense": "411000000",
            "nonInterestIncome": "None",
            "otherNonOperatingIncome": "-21000000",
            "depreciation": "None",
            "depreciationAndAmortization": "939000000",
            "incomeBeforeTax": "32000000",
            "incomeTaxExpense": "-328000000",
            "interestAndDebtExpense": "411000000",
            "netIncomeFromContinuingOperations": "360000000",
            "comprehensiveIncomeNetOfTax": "355000000",
            "ebit": "445000000",
            "ebitda": "1384000000",
            "netIncome": "360000000"
        },
        {
            "fiscalDateEnding": "2022-03-31",
            "reportedCurrency": "USD",
            "grossProfit": "5798000000",
            "totalRevenue": "5798000000",
            "costOfRevenue": "4173000000",
            "costofGoodsAndServicesSold": "4173000000",
            "operatingIncome": "536000000",
            "sellingGeneralAndAdministrative": "43000000",
            "researchAndDevelopment": "None",
            "operatingExpenses": "5305000000",
            "investmentIncomeNet": "8000000",
            "netInterestIncome": "-419000000",
            "interestIncome": "8000000",
            "interestExpense": "419000000",
            "nonInterestIncome": "None",
            "otherNonOperatingIncome": "149000000",
            "depreciation": "None",
            "depreciationAndAmortization": "1381000000",
            "incomeBeforeTax": "274000000",
            "incomeTaxExpense": "-204000000",
            "interestAndDebtExpense": "419000000",
            "netIncomeFromContinuingOperations": "478000000",
            "comprehensiveIncomeNetOfTax": "478000000",
            "ebit": "536000000",
            "ebitda": "2073000000",
            "netIncome": "478000000"
        },
        {
            "fiscalDateEnding": "2021-12-31",
            "reportedCurrency": "USD",
            "grossProfit": "6108000000",
            "totalRevenue": "5246000000",
            "costOfRevenue": "-862000000",
            "costofGoodsAndServicesSold": "3627000000",
            "operatingIncome": "641000000",
            "sellingGeneralAndAdministrative": "126000000",
            "researchAndDevelopment": "None",
            "operatingExpenses": "4535000000",
            "investmentIncomeNet": "3000000",
            "netInterestIncome": "-396000000",
            "interestIncome": "3000000",
            "interestExpense": "396000000",
            "nonInterestIncome": "None",
            "otherNonOperatingIncome": "70000000",
            "depreciation": "None",
            "depreciationAndAmortization": "863000000",
            "incomeBeforeTax": "318000000",
            "incomeTaxExpense": "-158000000",
            "interestAndDebtExpense": "396000000",
            "netIncomeFromContinuingOperations": "476000000",
            "comprehensiveIncomeNetOfTax": "481000000",
            "ebit": "641000000",
            "ebitda": "1577000000",
            "netIncome": "476000000"
        },
        {
            "fiscalDateEnding": "2021-09-30",
            "reportedCurrency": "USD",
            "grossProfit": "5066000000",
            "totalRevenue": "5465000000",
            "costOfRevenue": "399000000",
            "costofGoodsAndServicesSold": "4104000000",
            "operatingIncome": "304000000",
            "sellingGeneralAndAdministrative": "91000000",
            "researchAndDevelopment": "None",
            "operatingExpenses": "5161000000",
            "investmentIncomeNet": "0",
            "netInterestIncome": "-399000000",
            "interestIncome": "399000000",
            "interestExpense": "399000000",
            "nonInterestIncome": "5465000000",
            "otherNonOperatingIncome": "132000000",
            "depreciation": "None",
            "depreciationAndAmortization": "801000000",
            "incomeBeforeTax": "37000000",
            "incomeTaxExpense": "1125000000",
            "interestAndDebtExpense": "399000000",
            "netIncomeFromContinuingOperations": "-1088000000",
            "comprehensiveIncomeNetOfTax": "-1087000000",
            "ebit": "436000000",
            "ebitda": "1237000000",
            "netIncome": "-1088000000"
        },
        {
            "fiscalDateEnding": "2021-06-30",
            "reportedCurrency": "USD",
            "grossProfit": "4817000000",
            "totalRevenue": "5215000000",
            "costOfRevenue": "398000000",
            "costofGoodsAndServicesSold": "3617000000",
            "operatingIncome": "634000000",
            "sellingGeneralAndAdministrative": "113000000",
            "researchAndDevelopment": "None",
            "operatingExpenses": "4581000000",
            "investmentIncomeNet": "15000000",
            "netInterestIncome": "-398000000",
            "interestIncome": "15000000",
            "interestExpense": "398000000",
            "nonInterestIncome": "5215000000",
            "otherNonOperatingIncome": "128000000",
            "depreciation": "None",
            "depreciationAndAmortization": "851000000",
            "incomeBeforeTax": "368000000",
            "incomeTaxExpense": "-33000000",
            "interestAndDebtExpense": "398000000",
            "netIncomeFromContinuingOperations": "401000000",
            "comprehensiveIncomeNetOfTax": "401000000",
            "ebit": "766000000",
            "ebitda": "1617000000",
            "netIncome": "401000000"
        },
        {
            "fiscalDateEnding": "2021-03-31",
            "reportedCurrency": "USD",
            "grossProfit": "4308000000",
            "totalRevenue": "4716000000",
            "costOfRevenue": "408000000",
            "costofGoodsAndServicesSold": "3233000000",
            "operatingIncome": "304000000",
            "sellingGeneralAndAdministrative": "76000000",
            "researchAndDevelopment": "None",
            "operatingExpenses": "4412000000",
            "investmentIncomeNet": "2000000",
            "netInterestIncome": "-408000000",
            "interestIncome": "2000000",
            "interestExpense": "408000000",
            "nonInterestIncome": "4716000000",
            "otherNonOperatingIncome": "127000000",
            "depreciation": "None",
            "depreciationAndAmortization": "888000000",
            "incomeBeforeTax": "25000000",
            "incomeTaxExpense": "-98000000",
            "interestAndDebtExpense": "408000000",
            "netIncomeFromContinuingOperations": "123000000",
            "comprehensiveIncomeNetOfTax": "124000000",
            "ebit": "433000000",
            "ebitda": "1321000000",
            "netIncome": "123000000"
        },
        {
            "fiscalDateEnding": "2020-12-31",
            "reportedCurrency": "USD",
            "grossProfit": "5292000000",
            "totalRevenue": "5592000000",
            "costOfRevenue": "300000000",
            "costofGoodsAndServicesSold": "3258000000",
            "operatingIncome": "420000000",
            "sellingGeneralAndAdministrative": "170000000",
            "researchAndDevelopment": "None",
            "operatingExpenses": "4363000000",
            "investmentIncomeNet": "6000000",
            "netInterestIncome": "-416000000",
            "interestIncome": "6000000",
            "interestExpense": "416000000",
            "nonInterestIncome": "None",
            "otherNonOperatingIncome": "184000000",
            "depreciation": "None",
            "depreciationAndAmortization": "895000000",
            "incomeBeforeTax": "172000000",
            "incomeTaxExpense": "-32000000",
            "interestAndDebtExpense": "416000000",
            "netIncomeFromContinuingOperations": "204000000",
            "comprehensiveIncomeNetOfTax": "187000000",
            "ebit": "420000000",
            "ebitda": "1483000000",
            "netIncome": "204000000"
        },
        {
            "fiscalDateEnding": "2020-09-30",
            "reportedCurrency": "USD",
            "grossProfit": "4491000000",
            "totalRevenue": "4491000000",
            "costOfRevenue": "3494000000",
            "costofGoodsAndServicesSold": "3494000000",
            "operatingIncome": "398000000",
            "sellingGeneralAndAdministrative": "None",
            "researchAndDevelopment": "None",
            "operatingExpenses": "4484000000",
            "investmentIncomeNet": "5000000",
            "netInterestIncome": "-391000000",
            "interestIncome": "386000000",
            "interestExpense": "391000000",
            "nonInterestIncome": "4882000000",
            "otherNonOperatingIncome": "102000000",
            "depreciation": "None",
            "depreciationAndAmortization": "845000000",
            "incomeBeforeTax": "-23000000",
            "incomeTaxExpense": "-109000000",
            "interestAndDebtExpense": "391000000",
            "netIncomeFromContinuingOperations": "86000000",
            "comprehensiveIncomeNetOfTax": "86000000",
            "ebit": "368000000",
            "ebitda": "1213000000",
            "netIncome": "86000000"
        },
        {
            "fiscalDateEnding": "2020-06-30",
            "reportedCurrency": "USD",
            "grossProfit": "4334000000",
            "totalRevenue": "4334000000",
            "costOfRevenue": "3034000000",
            "costofGoodsAndServicesSold": "3034000000",
            "operatingIncome": "282000000",
            "sellingGeneralAndAdministrative": "170000000",
            "researchAndDevelopment": "None",
            "operatingExpenses": "4251000000",
            "investmentIncomeNet": "12000000",
            "netInterestIncome": "-199000000",
            "interestIncome": "12000000",
            "interestExpense": "199000000",
            "nonInterestIncome": "4533000000",
            "otherNonOperatingIncome": "100000000",
            "depreciation": "None",
            "depreciationAndAmortization": "874000000",
            "incomeBeforeTax": "-1429000000",
            "incomeTaxExpense": "539000000",
            "interestAndDebtExpense": "199000000",
            "netIncomeFromContinuingOperations": "-1968000000",
            "comprehensiveIncomeNetOfTax": "-1968000000",
            "ebit": "-1230000000",
            "ebitda": "-356000000",
            "netIncome": "-1968000000"
        },
        {
            "fiscalDateEnding": "2020-03-31",
            "reportedCurrency": "USD",
            "grossProfit": "4052000000",
            "totalRevenue": "4052000000",
            "costOfRevenue": "2796000000",
            "costofGoodsAndServicesSold": "2796000000",
            "operatingIncome": "655000000",
            "sellingGeneralAndAdministrative": "None",
            "researchAndDevelopment": "None",
            "operatingExpenses": "3651000000",
            "investmentIncomeNet": "16000000",
            "netInterestIncome": "-254000000",
            "interestIncome": "16000000",
            "interestExpense": "254000000",
            "nonInterestIncome": "4306000000",
            "otherNonOperatingIncome": "97000000",
            "depreciation": "None",
            "depreciationAndAmortization": "855000000",
            "incomeBeforeTax": "338000000",
            "incomeTaxExpense": "-36000000",
            "interestAndDebtExpense": "254000000",
            "netIncomeFromContinuingOperations": "374000000",
            "comprehensiveIncomeNetOfTax": "374000000",
            "ebit": "592000000",
            "ebitda": "1447000000",
            "netIncome": "374000000"
        },
        {
            "fiscalDateEnding": "2019-12-31",
            "reportedCurrency": "USD",
            "grossProfit": "4846000000",
            "totalRevenue": "4958000000",
            "costOfRevenue": "112000000",
            "costofGoodsAndServicesSold": "3298000000",
            "operatingIncome": "-4343000000",
            "sellingGeneralAndAdministrative": "-162000000",
            "researchAndDevelopment": "None",
            "operatingExpenses": "8924000000",
            "investmentIncomeNet": "20000000",
            "netInterestIncome": "-719000000",
            "interestIncome": "699000000",
            "interestExpense": "719000000",
            "nonInterestIncome": "None",
            "otherNonOperatingIncome": "51000000",
            "depreciation": "None",
            "depreciationAndAmortization": "801000000",
            "incomeBeforeTax": "-5081000000",
            "incomeTaxExpense": "-1468000000",
            "interestAndDebtExpense": "719000000",
            "netIncomeFromContinuingOperations": "-3613000000",
            "comprehensiveIncomeNetOfTax": "-3614000000",
            "ebit": "-4343000000",
            "ebitda": "-3561000000",
            "netIncome": "-3613000000"
        },
        {
            "fiscalDateEnding": "2019-09-30",
            "reportedCurrency": "USD",
            "grossProfit": "4380000000",
            "totalRevenue": "4380000000",
            "costOfRevenue": "22000000",
            "costofGoodsAndServicesSold": "3344000000",
            "operatingIncome": "-2300000000",
            "sellingGeneralAndAdministrative": "22000000",
            "researchAndDevelopment": "None",
            "operatingExpenses": "6732000000",
            "investmentIncomeNet": "18000000",
            "netInterestIncome": "-52000000",
            "interestIncome": "18000000",
            "interestExpense": "52000000",
            "nonInterestIncome": "4432000000",
            "otherNonOperatingIncome": "62000000",
            "depreciation": "None",
            "depreciationAndAmortization": "840000000",
            "incomeBeforeTax": "-2345000000",
            "incomeTaxExpense": "-729000000",
            "interestAndDebtExpense": "52000000",
            "netIncomeFromContinuingOperations": "-1616000000",
            "comprehensiveIncomeNetOfTax": "-1616000000",
            "ebit": "-2300000000",
            "ebitda": "-1453000000",
            "netIncome": "-1616000000"
        },
        {
            "fiscalDateEnding": "2019-06-30",
            "reportedCurrency": "USD",
            "grossProfit": "3883000000",
            "totalRevenue": "3883000000",
            "costOfRevenue": "-170000000",
            "costofGoodsAndServicesSold": "2887000000",
            "operatingIncome": "-3640000000",
            "sellingGeneralAndAdministrative": "-170000000",
            "researchAndDevelopment": "None",
            "operatingExpenses": "7583000000",
            "investmentIncomeNet": "22000000",
            "netInterestIncome": "-60000000",
            "interestIncome": "22000000",
            "interestExpense": "60000000",
            "nonInterestIncome": "3943000000",
            "otherNonOperatingIncome": "66000000",
            "depreciation": "None",
            "depreciationAndAmortization": "796000000",
            "incomeBeforeTax": "-3668000000",
            "incomeTaxExpense": "-1119000000",
            "interestAndDebtExpense": "60000000",
            "netIncomeFromContinuingOperations": "-2549000000",
            "comprehensiveIncomeNetOfTax": "-2549000000",
            "ebit": "-3640000000",
            "ebitda": "-2812000000",
            "netIncome": "-2549000000"
        },
        {
            "fiscalDateEnding": "2019-03-31",
            "reportedCurrency": "USD",
            "grossProfit": "3548000000",
            "totalRevenue": "3908000000",
            "costOfRevenue": "360000000",
            "costofGoodsAndServicesSold": "3025000000",
            "operatingIncome": "189000000",
            "sellingGeneralAndAdministrative": "360000000",
            "researchAndDevelopment": "None",
            "operatingExpenses": "4182000000",
            "investmentIncomeNet": "22000000",
            "netInterestIncome": "-103000000",
            "interestIncome": "81000000",
            "interestExpense": "103000000",
            "nonInterestIncome": "4011000000",
            "otherNonOperatingIncome": "71000000",
            "depreciation": "None",
            "depreciationAndAmortization": "797000000",
            "incomeBeforeTax": "52000000",
            "incomeTaxExpense": "-84000000",
            "interestAndDebtExpense": "103000000",
            "netIncomeFromContinuingOperations": "136000000",
            "comprehensiveIncomeNetOfTax": "136000000",
            "ebit": "155000000",
            "ebitda": "952000000",
            "netIncome": "136000000"
        },
        {
            "fiscalDateEnding": "2018-12-31",
            "reportedCurrency": "USD",
            "grossProfit": "2563000000",
            "totalRevenue": "4088000000",
            "costOfRevenue": "596000000",
            "costofGoodsAndServicesSold": "3176000000",
            "operatingIncome": "-9530000000",
            "sellingGeneralAndAdministrative": "385000000",
            "researchAndDevelopment": "None",
            "operatingExpenses": "14003000000",
            "investmentIncomeNet": "41000000",
            "netInterestIncome": "-251000000",
            "interestIncome": "None",
            "interestExpense": "251000000",
            "nonInterestIncome": "4088000000",
            "otherNonOperatingIncome": "106000000",
            "depreciation": "None",
            "depreciationAndAmortization": "779000000",
            "incomeBeforeTax": "-9634000000",
            "incomeTaxExpense": "-2765000000",
            "interestAndDebtExpense": "251000000",
            "netIncomeFromContinuingOperations": "-6869000000",
            "comprehensiveIncomeNetOfTax": "-6866000000",
            "ebit": "-9530000000",
            "ebitda": "-8604000000",
            "netIncome": "-6869000000"
        },
        {
            "fiscalDateEnding": "2018-09-30",
            "reportedCurrency": "USD",
            "grossProfit": "4021000000",
            "totalRevenue": "4381000000",
            "costOfRevenue": "360000000",
            "costofGoodsAndServicesSold": "2936000000",
            "operatingIncome": "696000000",
            "sellingGeneralAndAdministrative": "360000000",
            "researchAndDevelopment": "None",
            "operatingExpenses": "4045000000",
            "investmentIncomeNet": "14000000",
            "netInterestIncome": "-232000000",
            "interestIncome": "None",
            "interestExpense": "232000000",
            "nonInterestIncome": "4381000000",
            "otherNonOperatingIncome": "104000000",
            "depreciation": "None",
            "depreciationAndAmortization": "759000000",
            "incomeBeforeTax": "582000000",
            "incomeTaxExpense": "15000000",
            "interestAndDebtExpense": "232000000",
            "netIncomeFromContinuingOperations": "567000000",
            "comprehensiveIncomeNetOfTax": "568000000",
            "ebit": "696000000",
            "ebitda": "1573000000",
            "netIncome": "567000000"
        },
        {
            "fiscalDateEnding": "2018-06-30",
            "reportedCurrency": "USD",
            "grossProfit": "4234000000",
            "totalRevenue": "4234000000",
            "costOfRevenue": "-804000000",
            "costofGoodsAndServicesSold": "2828000000",
            "operatingIncome": "-1465000000",
            "sellingGeneralAndAdministrative": "15000000",
            "researchAndDevelopment": "None",
            "operatingExpenses": "5699000000",
            "investmentIncomeNet": "12000000",
            "netInterestIncome": "-226000000",
            "interestIncome": "None",
            "interestExpense": "226000000",
            "nonInterestIncome": "4234000000",
            "otherNonOperatingIncome": "106000000",
            "depreciation": "None",
            "depreciationAndAmortization": "746000000",
            "incomeBeforeTax": "-1573000000",
            "incomeTaxExpense": "-593000000",
            "interestAndDebtExpense": "226000000",
            "netIncomeFromContinuingOperations": "-980000000",
            "comprehensiveIncomeNetOfTax": "-980000000",
            "ebit": "-1465000000",
            "ebitda": "-601000000",
            "netIncome": "-980000000"
        },
        {
            "fiscalDateEnding": "2018-03-31",
            "reportedCurrency": "USD",
            "grossProfit": "3203000000",
            "totalRevenue": "4056000000",
            "costOfRevenue": "853000000",
            "costofGoodsAndServicesSold": "819000000",
            "operatingIncome": "599000000",
            "sellingGeneralAndAdministrative": "34000000",
            "researchAndDevelopment": "None",
            "operatingExpenses": "3491000000",
            "investmentIncomeNet": "9000000",
            "netInterestIncome": "-220000000",
            "interestIncome": "None",
            "interestExpense": "220000000",
            "nonInterestIncome": "4056000000",
            "otherNonOperatingIncome": "108000000",
            "depreciation": "None",
            "depreciationAndAmortization": "752000000",
            "incomeBeforeTax": "496000000",
            "incomeTaxExpense": "51000000",
            "interestAndDebtExpense": "220000000",
            "netIncomeFromContinuingOperations": "445000000",
            "comprehensiveIncomeNetOfTax": "445000000",
            "ebit": "716000000",
            "ebitda": "1468000000",
            "netIncome": "445000000"
        }
    ]
}