{
    "symbol": "PGR",
    "annualReports": [
        {
            "fiscalDateEnding": "2022-12-31",
            "reportedCurrency": "USD",
            "grossProfit": "43405400000",
            "totalRevenue": "49610700000",
            "costOfRevenue": "6205300000",
            "costofGoodsAndServicesSold": "None",
            "operatingIncome": "35257500000",
            "sellingGeneralAndAdministrative": "2032500000",
            "researchAndDevelopment": "None",
            "operatingExpenses": "8147300000",
            "investmentIncomeNet": "-24300000",
            "netInterestIncome": "-243500000",
            "interestIncome": "243500000",
            "interestExpense": "243500000",
            "nonInterestIncome": "49438300000",
            "otherNonOperatingIncome": "None",
            "depreciation": "305600000",
            "depreciationAndAmortization": "31000000",
            "incomeBeforeTax": "922100000",
            "incomeTaxExpense": "200600000",
            "interestAndDebtExpense": "243500000",
            "netIncomeFromContinuingOperations": "721500000",
            "comprehensiveIncomeNetOfTax": "-2121200000",
            "ebit": "1165600000",
            "ebitda": "1196600000",
            "netIncome": "721500000"
        },
        {
            "fiscalDateEnding": "2021-12-31",
            "reportedCurrency": "USD",
            "grossProfit": "41792000000",
            "totalRevenue": "47702000000",
            "costOfRevenue": "5910000000",
            "costofGoodsAndServicesSold": "None",
            "operatingIncome": "33940100000",
            "sellingGeneralAndAdministrative": "2139500000",
            "researchAndDevelopment": "None",
            "operatingExpenses": "7848300000",
            "investmentIncomeNet": "-25500000",
            "netInterestIncome": "-218600000",
            "interestIncome": "218600000",
            "interestExpense": "218600000",
            "nonInterestIncome": "44748100000",
            "otherNonOperatingIncome": "None",
            "depreciation": "279700000",
            "depreciationAndAmortization": "57700000",
            "incomeBeforeTax": "4210000000",
            "incomeTaxExpense": "859100000",
            "interestAndDebtExpense": "218600000",
            "netIncomeFromContinuingOperations": "3350900000",
            "comprehensiveIncomeNetOfTax": "2459900000",
            "ebit": "4428600000",
            "ebitda": "4486300000",
            "netIncome": "3350900000"
        },
        {
            "fiscalDateEnding": "2020-12-31",
            "reportedCurrency": "USD",
            "grossProfit": "37152300000",
            "totalRevenue": "42658100000",
            "costOfRevenue": "5505800000",
            "costofGoodsAndServicesSold": "None",
            "operatingIncome": "29349700000",
            "sellingGeneralAndAdministrative": "2175700000",
            "researchAndDevelopment": "None",
            "operatingExpenses": "7815100000",
            "investmentIncomeNet": "-20000000",
            "netInterestIncome": "-217000000",
            "interestIncome": "217000000",
            "interestExpense": "217000000",
            "nonInterestIncome": "39292700000",
            "otherNonOperatingIncome": "None",
            "depreciation": "274900000",
            "depreciationAndAmortization": "56900000",
            "incomeBeforeTax": "7173200000",
            "incomeTaxExpense": "1468600000",
            "interestAndDebtExpense": "217000000",
            "netIncomeFromContinuingOperations": "5704600000",
            "comprehensiveIncomeNetOfTax": "6291900000",
            "ebit": "7390200000",
            "ebitda": "7447100000",
            "netIncome": "5704600000"
        },
        {
            "fiscalDateEnding": "2019-12-31",
            "reportedCurrency": "USD",
            "grossProfit": "34095500000",
            "totalRevenue": "39022300000",
            "costOfRevenue": "4926800000",
            "costofGoodsAndServicesSold": "33468800000",
            "operatingIncome": "27216800000",
            "sellingGeneralAndAdministrative": "1837300000",
            "researchAndDevelopment": "None",
            "operatingExpenses": "6889700000",
            "investmentIncomeNet": "-24600000",
            "netInterestIncome": "-191400000",
            "interestIncome": "189700000",
            "interestExpense": "191400000",
            "nonInterestIncome": "36268100000",
            "otherNonOperatingIncome": "None",
            "depreciation": "239800000",
            "depreciationAndAmortization": "66300000",
            "incomeBeforeTax": "5150600000",
            "incomeTaxExpense": "1180300000",
            "interestAndDebtExpense": "191400000",
            "netIncomeFromContinuingOperations": "3980000000",
            "comprehensiveIncomeNetOfTax": "4432900000",
            "ebit": "5342000000",
            "ebitda": "5408300000",
            "netIncome": "3970300000"
        },
        {
            "fiscalDateEnding": "2018-12-31",
            "reportedCurrency": "USD",
            "grossProfit": "27833600000",
            "totalRevenue": "31979000000",
            "costOfRevenue": "4145400000",
            "costofGoodsAndServicesSold": "28490500000",
            "operatingIncome": "22066100000",
            "sellingGeneralAndAdministrative": "1499700000",
            "researchAndDevelopment": "None",
            "operatingExpenses": "5799600000",
            "investmentIncomeNet": "-24300000",
            "netInterestIncome": "-168300000",
            "interestIncome": "166500000",
            "interestExpense": "168300000",
            "nonInterestIncome": "31166300000",
            "otherNonOperatingIncome": "None",
            "depreciation": "190400000",
            "depreciationAndAmortization": "72000000",
            "incomeBeforeTax": "3157900000",
            "incomeTaxExpense": "542600000",
            "interestAndDebtExpense": "168300000",
            "netIncomeFromContinuingOperations": "2621000000",
            "comprehensiveIncomeNetOfTax": "2520100000",
            "ebit": "3326200000",
            "ebitda": "3398200000",
            "netIncome": "2615300000"
        }
    ],
    "quarterlyReports": [
        {
            "fiscalDateEnding": "2022-12-31",
            "reportedCurrency": "USD",
            "grossProfit": "10382700000",
            "totalRevenue": "13469800000",
            "costOfRevenue": "3087100000",
            "costofGoodsAndServicesSold": "None",
            "operatingIncome": "6919000000",
            "sellingGeneralAndAdministrative": "None",
            "researchAndDevelopment": "None",
            "operatingExpenses": "3457800000",
            "investmentIncomeNet": "-6900000",
            "netInterestIncome": "-63100000",
            "interestIncome": "63100000",
            "interestExpense": "63100000",
            "nonInterestIncome": "49013600000",
            "otherNonOperatingIncome": "None",
            "depreciation": "78100000",
            "depreciationAndAmortization": "5500000",
            "incomeBeforeTax": "1025300000",
            "incomeTaxExpense": "198900000",
            "interestAndDebtExpense": "63100000",
            "netIncomeFromContinuingOperations": "826400000",
            "comprehensiveIncomeNetOfTax": "1154300000",
            "ebit": "1088400000",
            "ebitda": "1093900000",
            "netIncome": "826400000"
        },
        {
            "fiscalDateEnding": "2022-09-30",
            "reportedCurrency": "USD",
            "grossProfit": "11803900000",
            "totalRevenue": "12780200000",
            "costOfRevenue": "976300000",
            "costofGoodsAndServicesSold": "None",
            "operatingIncome": "10302100000",
            "sellingGeneralAndAdministrative": "None",
            "researchAndDevelopment": "None",
            "operatingExpenses": "1501800000",
            "investmentIncomeNet": "-5800000",
            "netInterestIncome": "-63100000",
            "interestIncome": "63100000",
            "interestExpense": "63100000",
            "nonInterestIncome": "-62100000",
            "otherNonOperatingIncome": "None",
            "depreciation": "77900000",
            "depreciationAndAmortization": "5400000",
            "incomeBeforeTax": "142500000",
            "incomeTaxExpense": "18400000",
            "interestAndDebtExpense": "63100000",
            "netIncomeFromContinuingOperations": "124100000",
            "comprehensiveIncomeNetOfTax": "-796800000",
            "ebit": "205600000",
            "ebitda": "211000000",
            "netIncome": "124100000"
        },
        {
            "fiscalDateEnding": "2022-06-30",
            "reportedCurrency": "USD",
            "grossProfit": "10355300000",
            "totalRevenue": "11519200000",
            "costOfRevenue": "1163900000",
            "costofGoodsAndServicesSold": "None",
            "operatingIncome": "8693800000",
            "sellingGeneralAndAdministrative": "None",
            "researchAndDevelopment": "None",
            "operatingExpenses": "1661500000",
            "investmentIncomeNet": "-5900000",
            "netInterestIncome": "-63000000",
            "interestIncome": "63000000",
            "interestExpense": "63000000",
            "nonInterestIncome": "546600000",
            "otherNonOperatingIncome": "None",
            "depreciation": "78500000",
            "depreciationAndAmortization": "5500000",
            "incomeBeforeTax": "-635900000",
            "incomeTaxExpense": "-93000000",
            "interestAndDebtExpense": "63000000",
            "netIncomeFromContinuingOperations": "-542900000",
            "comprehensiveIncomeNetOfTax": "-1366100000",
            "ebit": "-572900000",
            "ebitda": "-567400000",
            "netIncome": "-542900000"
        },
        {
            "fiscalDateEnding": "2022-03-31",
            "reportedCurrency": "USD",
            "grossProfit": "10863500000",
            "totalRevenue": "11841500000",
            "costOfRevenue": "978000000",
            "costofGoodsAndServicesSold": "None",
            "operatingIncome": "9342600000",
            "sellingGeneralAndAdministrative": "None",
            "researchAndDevelopment": "None",
            "operatingExpenses": "1524200000",
            "investmentIncomeNet": "-5700000",
            "netInterestIncome": "-54300000",
            "interestIncome": "54300000",
            "interestExpense": "54300000",
            "nonInterestIncome": "12200000",
            "otherNonOperatingIncome": "None",
            "depreciation": "71100000",
            "depreciationAndAmortization": "14600000",
            "incomeBeforeTax": "390200000",
            "incomeTaxExpense": "76300000",
            "interestAndDebtExpense": "54300000",
            "netIncomeFromContinuingOperations": "313900000",
            "comprehensiveIncomeNetOfTax": "-1112600000",
            "ebit": "444500000",
            "ebitda": "459100000",
            "netIncome": "313900000"
        },
        {
            "fiscalDateEnding": "2021-12-31",
            "reportedCurrency": "USD",
            "grossProfit": "9379900000",
            "totalRevenue": "12492100000",
            "costOfRevenue": "3112200000",
            "costofGoodsAndServicesSold": "None",
            "operatingIncome": "5877100000",
            "sellingGeneralAndAdministrative": "None",
            "researchAndDevelopment": "None",
            "operatingExpenses": "3503200000",
            "investmentIncomeNet": "-7000000",
            "netInterestIncome": "-51600000",
            "interestIncome": "51600000",
            "interestExpense": "51600000",
            "nonInterestIncome": "44372100000",
            "otherNonOperatingIncome": "None",
            "depreciation": "75800000",
            "depreciationAndAmortization": "14600000",
            "incomeBeforeTax": "1203900000",
            "incomeTaxExpense": "241600000",
            "interestAndDebtExpense": "51600000",
            "netIncomeFromContinuingOperations": "962300000",
            "comprehensiveIncomeNetOfTax": "649700000",
            "ebit": "1255500000",
            "ebitda": "1270100000",
            "netIncome": "962300000"
        },
        {
            "fiscalDateEnding": "2021-09-30",
            "reportedCurrency": "USD",
            "grossProfit": "10893100000",
            "totalRevenue": "11859200000",
            "costOfRevenue": "966100000",
            "costofGoodsAndServicesSold": "None",
            "operatingIncome": "9494100000",
            "sellingGeneralAndAdministrative": "None",
            "researchAndDevelopment": "None",
            "operatingExpenses": "1399000000",
            "investmentIncomeNet": "-6600000",
            "netInterestIncome": "-54200000",
            "interestIncome": "54200000",
            "interestExpense": "54200000",
            "nonInterestIncome": "6500000",
            "otherNonOperatingIncome": "None",
            "depreciation": "74500000",
            "depreciationAndAmortization": "14600000",
            "incomeBeforeTax": "139000000",
            "incomeTaxExpense": "20500000",
            "interestAndDebtExpense": "54200000",
            "netIncomeFromContinuingOperations": "118500000",
            "comprehensiveIncomeNetOfTax": "-11400000",
            "ebit": "193200000",
            "ebitda": "207800000",
            "netIncome": "118500000"
        },
        {
            "fiscalDateEnding": "2021-06-30",
            "reportedCurrency": "USD",
            "grossProfit": "10962400000",
            "totalRevenue": "11905500000",
            "costOfRevenue": "943100000",
            "costofGoodsAndServicesSold": "None",
            "operatingIncome": "9507600000",
            "sellingGeneralAndAdministrative": "None",
            "researchAndDevelopment": "None",
            "operatingExpenses": "1454800000",
            "investmentIncomeNet": "-6300000",
            "netInterestIncome": "-56400000",
            "interestIncome": "56400000",
            "interestExpense": "56400000",
            "nonInterestIncome": "347100000",
            "otherNonOperatingIncome": "None",
            "depreciation": "66500000",
            "depreciationAndAmortization": "14300000",
            "incomeBeforeTax": "999200000",
            "incomeTaxExpense": "209100000",
            "interestAndDebtExpense": "56400000",
            "netIncomeFromContinuingOperations": "790100000",
            "comprehensiveIncomeNetOfTax": "881000000",
            "ebit": "1055600000",
            "ebitda": "1069900000",
            "netIncome": "790100000"
        },
        {
            "fiscalDateEnding": "2021-03-31",
            "reportedCurrency": "USD",
            "grossProfit": "10556600000",
            "totalRevenue": "11445200000",
            "costOfRevenue": "888600000",
            "costofGoodsAndServicesSold": "None",
            "operatingIncome": "9061300000",
            "sellingGeneralAndAdministrative": "None",
            "researchAndDevelopment": "None",
            "operatingExpenses": "1494200000",
            "investmentIncomeNet": "-5600000",
            "netInterestIncome": "-56400000",
            "interestIncome": "56400000",
            "interestExpense": "56400000",
            "nonInterestIncome": "19500000",
            "otherNonOperatingIncome": "None",
            "depreciation": "62900000",
            "depreciationAndAmortization": "14200000",
            "incomeBeforeTax": "1867900000",
            "incomeTaxExpense": "387900000",
            "interestAndDebtExpense": "56400000",
            "netIncomeFromContinuingOperations": "1480000000",
            "comprehensiveIncomeNetOfTax": "940600000",
            "ebit": "1924300000",
            "ebitda": "1938500000",
            "netIncome": "1480000000"
        },
        {
            "fiscalDateEnding": "2020-12-31",
            "reportedCurrency": "USD",
            "grossProfit": "8366300000",
            "totalRevenue": "11415800000",
            "costOfRevenue": "3049500000",
            "costofGoodsAndServicesSold": "None",
            "operatingIncome": "4786200000",
            "sellingGeneralAndAdministrative": "None",
            "researchAndDevelopment": "None",
            "operatingExpenses": "3587800000",
            "investmentIncomeNet": "-5500000",
            "netInterestIncome": "-56200000",
            "interestIncome": "56200000",
            "interestExpense": "56200000",
            "nonInterestIncome": "39268200000",
            "otherNonOperatingIncome": "None",
            "depreciation": "73700000",
            "depreciationAndAmortization": "14100000",
            "incomeBeforeTax": "2106200000",
            "incomeTaxExpense": "421900000",
            "interestAndDebtExpense": "56200000",
            "netIncomeFromContinuingOperations": "1684300000",
            "comprehensiveIncomeNetOfTax": "1665400000",
            "ebit": "2162400000",
            "ebitda": "2176500000",
            "netIncome": "1684300000"
        },
        {
            "fiscalDateEnding": "2020-09-30",
            "reportedCurrency": "USD",
            "grossProfit": "10097800000",
            "totalRevenue": "10947200000",
            "costOfRevenue": "849400000",
            "costofGoodsAndServicesSold": "None",
            "operatingIncome": "8752700000",
            "sellingGeneralAndAdministrative": "None",
            "researchAndDevelopment": "None",
            "operatingExpenses": "1345100000",
            "investmentIncomeNet": "-4700000",
            "netInterestIncome": "-56400000",
            "interestIncome": "56400000",
            "interestExpense": "56400000",
            "nonInterestIncome": "2200000",
            "otherNonOperatingIncome": "None",
            "depreciation": "70900000",
            "depreciationAndAmortization": "14200000",
            "incomeBeforeTax": "1923500000",
            "incomeTaxExpense": "392700000",
            "interestAndDebtExpense": "56400000",
            "netIncomeFromContinuingOperations": "1530800000",
            "comprehensiveIncomeNetOfTax": "1506400000",
            "ebit": "1979900000",
            "ebitda": "1994100000",
            "netIncome": "1530800000"
        },
        {
            "fiscalDateEnding": "2020-06-30",
            "reportedCurrency": "USD",
            "grossProfit": "10162100000",
            "totalRevenue": "10971700000",
            "costOfRevenue": "809600000",
            "costofGoodsAndServicesSold": "None",
            "operatingIncome": "8709100000",
            "sellingGeneralAndAdministrative": "None",
            "researchAndDevelopment": "None",
            "operatingExpenses": "1453000000",
            "investmentIncomeNet": "-4500000",
            "netInterestIncome": "-56400000",
            "interestIncome": "56400000",
            "interestExpense": "56400000",
            "nonInterestIncome": "-200000",
            "otherNonOperatingIncome": "None",
            "depreciation": "67700000",
            "depreciationAndAmortization": "14100000",
            "incomeBeforeTax": "2268800000",
            "incomeTaxExpense": "478400000",
            "interestAndDebtExpense": "56400000",
            "netIncomeFromContinuingOperations": "1790400000",
            "comprehensiveIncomeNetOfTax": "2358000000",
            "ebit": "2325200000",
            "ebitda": "2339300000",
            "netIncome": "1790400000"
        },
        {
            "fiscalDateEnding": "2020-03-31",
            "reportedCurrency": "USD",
            "grossProfit": "8526100000",
            "totalRevenue": "9323400000",
            "costOfRevenue": "797300000",
            "costofGoodsAndServicesSold": "None",
            "operatingIncome": "7101700000",
            "sellingGeneralAndAdministrative": "47500000",
            "researchAndDevelopment": "None",
            "operatingExpenses": "1424500000",
            "investmentIncomeNet": "-5300000",
            "netInterestIncome": "-48000000",
            "interestIncome": "48000000",
            "interestExpense": "48000000",
            "nonInterestIncome": "27200000",
            "otherNonOperatingIncome": "None",
            "depreciation": "62600000",
            "depreciationAndAmortization": "14500000",
            "incomeBeforeTax": "868300000",
            "incomeTaxExpense": "175600000",
            "interestAndDebtExpense": "48000000",
            "netIncomeFromContinuingOperations": "699100000",
            "comprehensiveIncomeNetOfTax": "755200000",
            "ebit": "916300000",
            "ebitda": "930800000",
            "netIncome": "692700000"
        },
        {
            "fiscalDateEnding": "2019-12-31",
            "reportedCurrency": "USD",
            "grossProfit": "8066700000",
            "totalRevenue": "10741100000",
            "costOfRevenue": "2674400000",
            "costofGoodsAndServicesSold": "9301700000",
            "operatingIncome": "4882700000",
            "sellingGeneralAndAdministrative": "46800000",
            "researchAndDevelopment": "None",
            "operatingExpenses": "3195100000",
            "investmentIncomeNet": "-6300000",
            "netInterestIncome": "-49100000",
            "interestIncome": "47400000",
            "interestExpense": "49100000",
            "nonInterestIncome": "36248300000",
            "otherNonOperatingIncome": "None",
            "depreciation": "68800000",
            "depreciationAndAmortization": "14600000",
            "incomeBeforeTax": "1335100000",
            "incomeTaxExpense": "264300000",
            "interestAndDebtExpense": "49100000",
            "netIncomeFromContinuingOperations": "1074600000",
            "comprehensiveIncomeNetOfTax": "902000000",
            "ebit": "1384200000",
            "ebitda": "1398800000",
            "netIncome": "1070800000"
        },
        {
            "fiscalDateEnding": "2019-09-30",
            "reportedCurrency": "USD",
            "grossProfit": "8763200000",
            "totalRevenue": "9530500000",
            "costOfRevenue": "767300000",
            "costofGoodsAndServicesSold": "8418100000",
            "operatingIncome": "7507100000",
            "sellingGeneralAndAdministrative": "48700000",
            "researchAndDevelopment": "None",
            "operatingExpenses": "1256100000",
            "investmentIncomeNet": "-5900000",
            "netInterestIncome": "-47500000",
            "interestIncome": "47500000",
            "interestExpense": "47500000",
            "nonInterestIncome": "6300000",
            "otherNonOperatingIncome": "None",
            "depreciation": "56400000",
            "depreciationAndAmortization": "15800000",
            "incomeBeforeTax": "1008400000",
            "incomeTaxExpense": "166700000",
            "interestAndDebtExpense": "47500000",
            "netIncomeFromContinuingOperations": "843600000",
            "comprehensiveIncomeNetOfTax": "899100000",
            "ebit": "1055900000",
            "ebitda": "1071700000",
            "netIncome": "841700000"
        },
        {
            "fiscalDateEnding": "2019-06-30",
            "reportedCurrency": "USD",
            "grossProfit": "8694100000",
            "totalRevenue": "9450700000",
            "costOfRevenue": "756600000",
            "costofGoodsAndServicesSold": "8108200000",
            "operatingIncome": "7444600000",
            "sellingGeneralAndAdministrative": "45300000",
            "researchAndDevelopment": "None",
            "operatingExpenses": "1249500000",
            "investmentIncomeNet": "-6200000",
            "netInterestIncome": "-47400000",
            "interestIncome": "47400000",
            "interestExpense": "47400000",
            "nonInterestIncome": "4000000",
            "otherNonOperatingIncome": "None",
            "depreciation": "62000000",
            "depreciationAndAmortization": "18000000",
            "incomeBeforeTax": "1244000000",
            "incomeTaxExpense": "264600000",
            "interestAndDebtExpense": "47400000",
            "netIncomeFromContinuingOperations": "979000000",
            "comprehensiveIncomeNetOfTax": "1254400000",
            "ebit": "1291400000",
            "ebitda": "1309400000",
            "netIncome": "979400000"
        },
        {
            "fiscalDateEnding": "2019-03-31",
            "reportedCurrency": "USD",
            "grossProfit": "8571500000",
            "totalRevenue": "9300000000",
            "costOfRevenue": "728500000",
            "costofGoodsAndServicesSold": "7640800000",
            "operatingIncome": "7382400000",
            "sellingGeneralAndAdministrative": "38100000",
            "researchAndDevelopment": "None",
            "operatingExpenses": "1194200000",
            "investmentIncomeNet": "-6200000",
            "netInterestIncome": "-47400000",
            "interestIncome": "None",
            "interestExpense": "47400000",
            "nonInterestIncome": "4300000",
            "otherNonOperatingIncome": "None",
            "depreciation": "52600000",
            "depreciationAndAmortization": "17900000",
            "incomeBeforeTax": "1563100000",
            "incomeTaxExpense": "484700000",
            "interestAndDebtExpense": "47400000",
            "netIncomeFromContinuingOperations": "1082800000",
            "comprehensiveIncomeNetOfTax": "1377400000",
            "ebit": "1610500000",
            "ebitda": "1628400000",
            "netIncome": "1078400000"
        },
        {
            "fiscalDateEnding": "2018-12-31",
            "reportedCurrency": "USD",
            "grossProfit": "5833400000",
            "totalRevenue": "8035100000",
            "costOfRevenue": "2201700000",
            "costofGoodsAndServicesSold": "7708600000",
            "operatingIncome": "3242900000",
            "sellingGeneralAndAdministrative": "32000000",
            "researchAndDevelopment": "None",
            "operatingExpenses": "2615200000",
            "investmentIncomeNet": "-6300000",
            "netInterestIncome": "-47800000",
            "interestIncome": "None",
            "interestExpense": "47800000",
            "nonInterestIncome": "30924200000",
            "otherNonOperatingIncome": "None",
            "depreciation": "52600000",
            "depreciationAndAmortization": "18000000",
            "incomeBeforeTax": "247100000",
            "incomeTaxExpense": "-17600000",
            "interestAndDebtExpense": "47800000",
            "netIncomeFromContinuingOperations": "259800000",
            "comprehensiveIncomeNetOfTax": "407500000",
            "ebit": "294900000",
            "ebitda": "312900000",
            "netIncome": "264700000"
        },
        {
            "fiscalDateEnding": "2018-09-30",
            "reportedCurrency": "USD",
            "grossProfit": "7815100000",
            "totalRevenue": "8495800000",
            "costOfRevenue": "680700000",
            "costofGoodsAndServicesSold": "7281700000",
            "operatingIncome": "6701200000",
            "sellingGeneralAndAdministrative": "35800000",
            "researchAndDevelopment": "None",
            "operatingExpenses": "1113900000",
            "investmentIncomeNet": "-5800000",
            "netInterestIncome": "-42000000",
            "interestIncome": "None",
            "interestExpense": "42000000",
            "nonInterestIncome": "117700000",
            "otherNonOperatingIncome": "None",
            "depreciation": "51200000",
            "depreciationAndAmortization": "18000000",
            "incomeBeforeTax": "1128700000",
            "incomeTaxExpense": "200300000",
            "interestAndDebtExpense": "42000000",
            "netIncomeFromContinuingOperations": "930200000",
            "comprehensiveIncomeNetOfTax": "890000000",
            "ebit": "1170700000",
            "ebitda": "1188700000",
            "netIncome": "928400000"
        },
        {
            "fiscalDateEnding": "2018-06-30",
            "reportedCurrency": "USD",
            "grossProfit": "7369200000",
            "totalRevenue": "8018000000",
            "costOfRevenue": "648800000",
            "costofGoodsAndServicesSold": "7053000000",
            "operatingIncome": "6304300000",
            "sellingGeneralAndAdministrative": "37000000",
            "researchAndDevelopment": "None",
            "operatingExpenses": "1064900000",
            "investmentIncomeNet": "-6200000",
            "netInterestIncome": "-41700000",
            "interestIncome": "None",
            "interestExpense": "41700000",
            "nonInterestIncome": "16600000",
            "otherNonOperatingIncome": "None",
            "depreciation": "45700000",
            "depreciationAndAmortization": "18000000",
            "incomeBeforeTax": "883100000",
            "incomeTaxExpense": "178900000",
            "interestAndDebtExpense": "41700000",
            "netIncomeFromContinuingOperations": "701200000",
            "comprehensiveIncomeNetOfTax": "654900000",
            "ebit": "924800000",
            "ebitda": "942800000",
            "netIncome": "704200000"
        },
        {
            "fiscalDateEnding": "2018-03-31",
            "reportedCurrency": "USD",
            "grossProfit": "6815900000",
            "totalRevenue": "7430100000",
            "costOfRevenue": "614200000",
            "costofGoodsAndServicesSold": "6417600000",
            "operatingIncome": "5817700000",
            "sellingGeneralAndAdministrative": "29300000",
            "researchAndDevelopment": "None",
            "operatingExpenses": "999400000",
            "investmentIncomeNet": "-6000000",
            "netInterestIncome": "-36800000",
            "interestIncome": "None",
            "interestExpense": "36800000",
            "nonInterestIncome": "7279800000",
            "otherNonOperatingIncome": "None",
            "depreciation": "40900000",
            "depreciationAndAmortization": "18000000",
            "incomeBeforeTax": "899000000",
            "incomeTaxExpense": "181000000",
            "interestAndDebtExpense": "36800000",
            "netIncomeFromContinuingOperations": "729800000",
            "comprehensiveIncomeNetOfTax": "567700000",
            "ebit": "935800000",
            "ebitda": "953800000",
            "netIncome": "718000000"
        }
    ]
}