{
    "symbol": "PKG",
    "annualReports": [
        {
            "fiscalDateEnding": "2022-12-31",
            "reportedCurrency": "USD",
            "grossProfit": "2090600000",
            "totalRevenue": "8363100000",
            "costOfRevenue": "6984900000",
            "costofGoodsAndServicesSold": "6387400000",
            "operatingIncome": "1420700000",
            "sellingGeneralAndAdministrative": "608600000",
            "researchAndDevelopment": "None",
            "operatingExpenses": "685100000",
            "investmentIncomeNet": "None",
            "netInterestIncome": "-70400000",
            "interestIncome": "-60600000",
            "interestExpense": "9800000",
            "nonInterestIncome": "8433500000",
            "otherNonOperatingIncome": "None",
            "depreciation": "413700000",
            "depreciationAndAmortization": "2100000",
            "incomeBeforeTax": "1364800000",
            "incomeTaxExpense": "335000000",
            "interestAndDebtExpense": "9800000",
            "netIncomeFromContinuingOperations": "1029800000",
            "comprehensiveIncomeNetOfTax": "1002600000",
            "ebit": "1420700000",
            "ebitda": "1376700000",
            "netIncome": "1029800000"
        },
        {
            "fiscalDateEnding": "2021-12-31",
            "reportedCurrency": "USD",
            "grossProfit": "1873000000",
            "totalRevenue": "7482900000",
            "costOfRevenue": "6420000000",
            "costofGoodsAndServicesSold": "5857300000",
            "operatingIncome": "1241400000",
            "sellingGeneralAndAdministrative": "576800000",
            "researchAndDevelopment": "14500000",
            "operatingExpenses": "637700000",
            "investmentIncomeNet": "None",
            "netInterestIncome": "-152400000",
            "interestIncome": "-144200000",
            "interestExpense": "8200000",
            "nonInterestIncome": "7635300000",
            "otherNonOperatingIncome": "None",
            "depreciation": "376000000",
            "depreciationAndAmortization": "4400000",
            "incomeBeforeTax": "1108700000",
            "incomeTaxExpense": "267600000",
            "interestAndDebtExpense": "64300000",
            "netIncomeFromContinuingOperations": "841100000",
            "comprehensiveIncomeNetOfTax": "910400000",
            "ebit": "1241400000",
            "ebitda": "1121300000",
            "netIncome": "841100000"
        },
        {
            "fiscalDateEnding": "2020-12-31",
            "reportedCurrency": "USD",
            "grossProfit": "1369400000",
            "totalRevenue": "6538200000",
            "costOfRevenue": "5830000000",
            "costofGoodsAndServicesSold": "5288800000",
            "operatingIncome": "723900000",
            "sellingGeneralAndAdministrative": "539600000",
            "researchAndDevelopment": "15500000",
            "operatingExpenses": "597100000",
            "investmentIncomeNet": "None",
            "netInterestIncome": "-93500000",
            "interestIncome": "-86700000",
            "interestExpense": "6800000",
            "nonInterestIncome": "6631700000",
            "otherNonOperatingIncome": "None",
            "depreciation": "362500000",
            "depreciationAndAmortization": "2600000",
            "incomeBeforeTax": "632700000",
            "incomeTaxExpense": "171700000",
            "interestAndDebtExpense": "6800000",
            "netIncomeFromContinuingOperations": "461000000",
            "comprehensiveIncomeNetOfTax": "476000000",
            "ebit": "723900000",
            "ebitda": "642100000",
            "netIncome": "461000000"
        },
        {
            "fiscalDateEnding": "2019-12-31",
            "reportedCurrency": "USD",
            "grossProfit": "1644000000",
            "totalRevenue": "6788300000",
            "costOfRevenue": "5910700000",
            "costofGoodsAndServicesSold": "5320300000",
            "operatingIncome": "1053700000",
            "sellingGeneralAndAdministrative": "557600000",
            "researchAndDevelopment": "16000000",
            "operatingExpenses": "615300000",
            "investmentIncomeNet": "None",
            "netInterestIncome": "-128800000",
            "interestIncome": "-119700000",
            "interestExpense": "9100000",
            "nonInterestIncome": "6917100000",
            "otherNonOperatingIncome": "None",
            "depreciation": "346800000",
            "depreciationAndAmortization": "23400000",
            "incomeBeforeTax": "917000000",
            "incomeTaxExpense": "220600000",
            "interestAndDebtExpense": "31300000",
            "netIncomeFromContinuingOperations": "696400000",
            "comprehensiveIncomeNetOfTax": "675700000",
            "ebit": "1053700000",
            "ebitda": "949500000",
            "netIncome": "696400000"
        },
        {
            "fiscalDateEnding": "2018-12-31",
            "reportedCurrency": "USD",
            "grossProfit": "1645300000",
            "totalRevenue": "6988800000",
            "costOfRevenue": "5915900000",
            "costofGoodsAndServicesSold": "5369300000",
            "operatingIncome": "1067700000",
            "sellingGeneralAndAdministrative": "536400000",
            "researchAndDevelopment": "14400000",
            "operatingExpenses": "594900000",
            "investmentIncomeNet": "None",
            "netInterestIncome": "-95100000",
            "interestIncome": "-86600000",
            "interestExpense": "8500000",
            "nonInterestIncome": "6997300000",
            "otherNonOperatingIncome": "None",
            "depreciation": "361700000",
            "depreciationAndAmortization": "8600000",
            "incomeBeforeTax": "970500000",
            "incomeTaxExpense": "232500000",
            "interestAndDebtExpense": "8500000",
            "netIncomeFromContinuingOperations": "738000000",
            "comprehensiveIncomeNetOfTax": "756100000",
            "ebit": "1067700000",
            "ebitda": "987600000",
            "netIncome": "738000000"
        }
    ],
    "quarterlyReports": [
        {
            "fiscalDateEnding": "2022-12-31",
            "reportedCurrency": "USD",
            "grossProfit": "450300000",
            "totalRevenue": "1952700000",
            "costOfRevenue": "1672100000",
            "costofGoodsAndServicesSold": "1528100000",
            "operatingIncome": "288000000",
            "sellingGeneralAndAdministrative": "145700000",
            "researchAndDevelopment": "None",
            "operatingExpenses": "166400000",
            "investmentIncomeNet": "None",
            "netInterestIncome": "-15100000",
            "interestIncome": "-6500000",
            "interestExpense": "8600000",
            "nonInterestIncome": "1967800000",
            "otherNonOperatingIncome": "None",
            "depreciation": "108400000",
            "depreciationAndAmortization": "600000",
            "incomeBeforeTax": "276500000",
            "incomeTaxExpense": "64900000",
            "interestAndDebtExpense": "8600000",
            "netIncomeFromContinuingOperations": "211600000",
            "comprehensiveIncomeNetOfTax": "183000000",
            "ebit": "288000000",
            "ebitda": "285700000",
            "netIncome": "211600000"
        },
        {
            "fiscalDateEnding": "2022-09-30",
            "reportedCurrency": "USD",
            "grossProfit": "518400000",
            "totalRevenue": "2101900000",
            "costOfRevenue": "1749100000",
            "costofGoodsAndServicesSold": "1607500000",
            "operatingIncome": "360300000",
            "sellingGeneralAndAdministrative": "145200000",
            "researchAndDevelopment": "None",
            "operatingExpenses": "165600000",
            "investmentIncomeNet": "None",
            "netInterestIncome": "-16500000",
            "interestIncome": "-16100000",
            "interestExpense": "400000",
            "nonInterestIncome": "2118400000",
            "otherNonOperatingIncome": "None",
            "depreciation": "103200000",
            "depreciationAndAmortization": "500000",
            "incomeBeforeTax": "347400000",
            "incomeTaxExpense": "84900000",
            "interestAndDebtExpense": "400000",
            "netIncomeFromContinuingOperations": "262500000",
            "comprehensiveIncomeNetOfTax": "263100000",
            "ebit": "360300000",
            "ebitda": "348300000",
            "netIncome": "262500000"
        },
        {
            "fiscalDateEnding": "2022-06-30",
            "reportedCurrency": "USD",
            "grossProfit": "588800000",
            "totalRevenue": "2204700000",
            "costOfRevenue": "1801600000",
            "costofGoodsAndServicesSold": "1648500000",
            "operatingIncome": "415800000",
            "sellingGeneralAndAdministrative": "156700000",
            "researchAndDevelopment": "None",
            "operatingExpenses": "186800000",
            "investmentIncomeNet": "None",
            "netInterestIncome": "-18800000",
            "interestIncome": "-18400000",
            "interestExpense": "400000",
            "nonInterestIncome": "2223500000",
            "otherNonOperatingIncome": "None",
            "depreciation": "103500000",
            "depreciationAndAmortization": "500000",
            "incomeBeforeTax": "400600000",
            "incomeTaxExpense": "99100000",
            "interestAndDebtExpense": "400000",
            "netIncomeFromContinuingOperations": "301500000",
            "comprehensiveIncomeNetOfTax": "302300000",
            "ebit": "415800000",
            "ebitda": "401500000",
            "netIncome": "301500000"
        },
        {
            "fiscalDateEnding": "2022-03-31",
            "reportedCurrency": "USD",
            "grossProfit": "533200000",
            "totalRevenue": "2103900000",
            "costOfRevenue": "1761200000",
            "costofGoodsAndServicesSold": "1603200000",
            "operatingIncome": "356500000",
            "sellingGeneralAndAdministrative": "161100000",
            "researchAndDevelopment": "None",
            "operatingExpenses": "179500000",
            "investmentIncomeNet": "None",
            "netInterestIncome": "-19800000",
            "interestIncome": "-19400000",
            "interestExpense": "400000",
            "nonInterestIncome": "2123700000",
            "otherNonOperatingIncome": "None",
            "depreciation": "98500000",
            "depreciationAndAmortization": "500000",
            "incomeBeforeTax": "340300000",
            "incomeTaxExpense": "86100000",
            "interestAndDebtExpense": "400000",
            "netIncomeFromContinuingOperations": "254200000",
            "comprehensiveIncomeNetOfTax": "254200000",
            "ebit": "356500000",
            "ebitda": "341200000",
            "netIncome": "254200000"
        },
        {
            "fiscalDateEnding": "2021-12-31",
            "reportedCurrency": "USD",
            "grossProfit": "509900000",
            "totalRevenue": "1895300000",
            "costOfRevenue": "1673000000",
            "costofGoodsAndServicesSold": "1533300000",
            "operatingIncome": "355700000",
            "sellingGeneralAndAdministrative": "141100000",
            "researchAndDevelopment": "None",
            "operatingExpenses": "153000000",
            "investmentIncomeNet": "None",
            "netInterestIncome": "-80200000",
            "interestIncome": "-73500000",
            "interestExpense": "6700000",
            "nonInterestIncome": "1975500000",
            "otherNonOperatingIncome": "None",
            "depreciation": "96100000",
            "depreciationAndAmortization": "2400000",
            "incomeBeforeTax": "280400000",
            "incomeTaxExpense": "63900000",
            "interestAndDebtExpense": "62800000",
            "netIncomeFromContinuingOperations": "216500000",
            "comprehensiveIncomeNetOfTax": "278100000",
            "ebit": "355700000",
            "ebitda": "289500000",
            "netIncome": "216500000"
        },
        {
            "fiscalDateEnding": "2021-09-30",
            "reportedCurrency": "USD",
            "grossProfit": "510700000",
            "totalRevenue": "1969800000",
            "costOfRevenue": "1628900000",
            "costofGoodsAndServicesSold": "1489400000",
            "operatingIncome": "352800000",
            "sellingGeneralAndAdministrative": "144500000",
            "researchAndDevelopment": "None",
            "operatingExpenses": "164300000",
            "investmentIncomeNet": "None",
            "netInterestIncome": "-23900000",
            "interestIncome": "-23400000",
            "interestExpense": "500000",
            "nonInterestIncome": "1993700000",
            "otherNonOperatingIncome": "None",
            "depreciation": "95500000",
            "depreciationAndAmortization": "700000",
            "incomeBeforeTax": "333900000",
            "incomeTaxExpense": "83200000",
            "interestAndDebtExpense": "500000",
            "netIncomeFromContinuingOperations": "250700000",
            "comprehensiveIncomeNetOfTax": "253600000",
            "ebit": "352800000",
            "ebitda": "335100000",
            "netIncome": "250700000"
        },
        {
            "fiscalDateEnding": "2021-06-30",
            "reportedCurrency": "USD",
            "grossProfit": "448800000",
            "totalRevenue": "1846000000",
            "costOfRevenue": "1572400000",
            "costofGoodsAndServicesSold": "1431100000",
            "operatingIncome": "294600000",
            "sellingGeneralAndAdministrative": "146300000",
            "researchAndDevelopment": "None",
            "operatingExpenses": "163200000",
            "investmentIncomeNet": "None",
            "netInterestIncome": "-24900000",
            "interestIncome": "-24400000",
            "interestExpense": "500000",
            "nonInterestIncome": "1870900000",
            "otherNonOperatingIncome": "None",
            "depreciation": "94500000",
            "depreciationAndAmortization": "600000",
            "incomeBeforeTax": "274700000",
            "incomeTaxExpense": "67400000",
            "interestAndDebtExpense": "500000",
            "netIncomeFromContinuingOperations": "207300000",
            "comprehensiveIncomeNetOfTax": "209700000",
            "ebit": "294600000",
            "ebitda": "275800000",
            "netIncome": "207300000"
        },
        {
            "fiscalDateEnding": "2021-03-31",
            "reportedCurrency": "USD",
            "grossProfit": "403700000",
            "totalRevenue": "1769000000",
            "costOfRevenue": "1544400000",
            "costofGoodsAndServicesSold": "1403500000",
            "operatingIncome": "238300000",
            "sellingGeneralAndAdministrative": "145000000",
            "researchAndDevelopment": "None",
            "operatingExpenses": "169100000",
            "investmentIncomeNet": "None",
            "netInterestIncome": "-23500000",
            "interestIncome": "-23000000",
            "interestExpense": "500000",
            "nonInterestIncome": "1792500000",
            "otherNonOperatingIncome": "None",
            "depreciation": "90000000",
            "depreciationAndAmortization": "700000",
            "incomeBeforeTax": "219600000",
            "incomeTaxExpense": "53100000",
            "interestAndDebtExpense": "500000",
            "netIncomeFromContinuingOperations": "166500000",
            "comprehensiveIncomeNetOfTax": "168900000",
            "ebit": "238300000",
            "ebitda": "220800000",
            "netIncome": "166500000"
        },
        {
            "fiscalDateEnding": "2020-12-31",
            "reportedCurrency": "USD",
            "grossProfit": "333300000",
            "totalRevenue": "1714200000",
            "costOfRevenue": "1457400000",
            "costofGoodsAndServicesSold": "1380900000",
            "operatingIncome": "189300000",
            "sellingGeneralAndAdministrative": "130300000",
            "researchAndDevelopment": "None",
            "operatingExpenses": "146800000",
            "investmentIncomeNet": "None",
            "netInterestIncome": "-24400000",
            "interestIncome": "-19100000",
            "interestExpense": "5300000",
            "nonInterestIncome": "1714200000",
            "otherNonOperatingIncome": "None",
            "depreciation": "89800000",
            "depreciationAndAmortization": "700000",
            "incomeBeforeTax": "165300000",
            "incomeTaxExpense": "41800000",
            "interestAndDebtExpense": "5300000",
            "netIncomeFromContinuingOperations": "189300000",
            "comprehensiveIncomeNetOfTax": "130000000",
            "ebit": "189300000",
            "ebitda": "171300000",
            "netIncome": "123500000"
        },
        {
            "fiscalDateEnding": "2020-09-30",
            "reportedCurrency": "USD",
            "grossProfit": "345400000",
            "totalRevenue": "1663800000",
            "costOfRevenue": "1484300000",
            "costofGoodsAndServicesSold": "1348300000",
            "operatingIncome": "209500000",
            "sellingGeneralAndAdministrative": "127100000",
            "researchAndDevelopment": "None",
            "operatingExpenses": "141400000",
            "investmentIncomeNet": "None",
            "netInterestIncome": "-24400000",
            "interestIncome": "-23900000",
            "interestExpense": "500000",
            "nonInterestIncome": "1688200000",
            "otherNonOperatingIncome": "None",
            "depreciation": "89600000",
            "depreciationAndAmortization": "9500000",
            "incomeBeforeTax": "185700000",
            "incomeTaxExpense": "46600000",
            "interestAndDebtExpense": "500000",
            "netIncomeFromContinuingOperations": "139100000",
            "comprehensiveIncomeNetOfTax": "141600000",
            "ebit": "209500000",
            "ebitda": "195700000",
            "netIncome": "139100000"
        },
        {
            "fiscalDateEnding": "2020-06-30",
            "reportedCurrency": "USD",
            "grossProfit": "325800000",
            "totalRevenue": "1511500000",
            "costOfRevenue": "1406700000",
            "costofGoodsAndServicesSold": "1215800000",
            "operatingIncome": "116100000",
            "sellingGeneralAndAdministrative": "136300000",
            "researchAndDevelopment": "None",
            "operatingExpenses": "159500000",
            "investmentIncomeNet": "None",
            "netInterestIncome": "-25100000",
            "interestIncome": "-24600000",
            "interestExpense": "500000",
            "nonInterestIncome": "1536600000",
            "otherNonOperatingIncome": "None",
            "depreciation": "93300000",
            "depreciationAndAmortization": "700000",
            "incomeBeforeTax": "91600000",
            "incomeTaxExpense": "34900000",
            "interestAndDebtExpense": "500000",
            "netIncomeFromContinuingOperations": "56700000",
            "comprehensiveIncomeNetOfTax": "60300000",
            "ebit": "116100000",
            "ebitda": "92800000",
            "netIncome": "56700000"
        },
        {
            "fiscalDateEnding": "2020-03-31",
            "reportedCurrency": "USD",
            "grossProfit": "365000000",
            "totalRevenue": "1683100000",
            "costOfRevenue": "1489600000",
            "costofGoodsAndServicesSold": "1343700000",
            "operatingIncome": "209100000",
            "sellingGeneralAndAdministrative": "145900000",
            "researchAndDevelopment": "None",
            "operatingExpenses": "161900000",
            "investmentIncomeNet": "None",
            "netInterestIncome": "-19600000",
            "interestIncome": "-19100000",
            "interestExpense": "500000",
            "nonInterestIncome": "1702700000",
            "otherNonOperatingIncome": "None",
            "depreciation": "89800000",
            "depreciationAndAmortization": "600000",
            "incomeBeforeTax": "190100000",
            "incomeTaxExpense": "48400000",
            "interestAndDebtExpense": "500000",
            "netIncomeFromContinuingOperations": "141700000",
            "comprehensiveIncomeNetOfTax": "144200000",
            "ebit": "209100000",
            "ebitda": "191200000",
            "netIncome": "141700000"
        },
        {
            "fiscalDateEnding": "2019-12-31",
            "reportedCurrency": "USD",
            "grossProfit": "383300000",
            "totalRevenue": "1720000000",
            "costOfRevenue": "1494000000",
            "costofGoodsAndServicesSold": "1336700000",
            "operatingIncome": "235100000",
            "sellingGeneralAndAdministrative": "137000000",
            "researchAndDevelopment": "None",
            "operatingExpenses": "166500000",
            "investmentIncomeNet": "None",
            "netInterestIncome": "-60800000",
            "interestIncome": "-54700000",
            "interestExpense": "6100000",
            "nonInterestIncome": "1720000000",
            "otherNonOperatingIncome": "None",
            "depreciation": "88200000",
            "depreciationAndAmortization": "16900000",
            "incomeBeforeTax": "172400000",
            "incomeTaxExpense": "36200000",
            "interestAndDebtExpense": "28300000",
            "netIncomeFromContinuingOperations": "235100000",
            "comprehensiveIncomeNetOfTax": "105500000",
            "ebit": "235100000",
            "ebitda": "195400000",
            "netIncome": "136200000"
        },
        {
            "fiscalDateEnding": "2019-09-30",
            "reportedCurrency": "USD",
            "grossProfit": "411400000",
            "totalRevenue": "1719600000",
            "costOfRevenue": "1488200000",
            "costofGoodsAndServicesSold": "1339300000",
            "operatingIncome": "262800000",
            "sellingGeneralAndAdministrative": "136900000",
            "researchAndDevelopment": "None",
            "operatingExpenses": "158100000",
            "investmentIncomeNet": "None",
            "netInterestIncome": "-21600000",
            "interestIncome": "-20600000",
            "interestExpense": "1000000",
            "nonInterestIncome": "1741200000",
            "otherNonOperatingIncome": "None",
            "depreciation": "87600000",
            "depreciationAndAmortization": "10100000",
            "incomeBeforeTax": "239300000",
            "incomeTaxExpense": "59500000",
            "interestAndDebtExpense": "1000000",
            "netIncomeFromContinuingOperations": "179800000",
            "comprehensiveIncomeNetOfTax": "183200000",
            "ebit": "262800000",
            "ebitda": "250400000",
            "netIncome": "179800000"
        },
        {
            "fiscalDateEnding": "2019-06-30",
            "reportedCurrency": "USD",
            "grossProfit": "427900000",
            "totalRevenue": "1733000000",
            "costOfRevenue": "1477700000",
            "costofGoodsAndServicesSold": "1332000000",
            "operatingIncome": "280400000",
            "sellingGeneralAndAdministrative": "143700000",
            "researchAndDevelopment": "None",
            "operatingExpenses": "152000000",
            "investmentIncomeNet": "None",
            "netInterestIncome": "-22400000",
            "interestIncome": "-21700000",
            "interestExpense": "700000",
            "nonInterestIncome": "1755400000",
            "otherNonOperatingIncome": "None",
            "depreciation": "85800000",
            "depreciationAndAmortization": "2100000",
            "incomeBeforeTax": "256000000",
            "incomeTaxExpense": "62400000",
            "interestAndDebtExpense": "700000",
            "netIncomeFromContinuingOperations": "193600000",
            "comprehensiveIncomeNetOfTax": "196900000",
            "ebit": "280400000",
            "ebitda": "258800000",
            "netIncome": "193600000"
        },
        {
            "fiscalDateEnding": "2019-03-31",
            "reportedCurrency": "USD",
            "grossProfit": "421400000",
            "totalRevenue": "1705300000",
            "costOfRevenue": "1456500000",
            "costofGoodsAndServicesSold": "1312300000",
            "operatingIncome": "275400000",
            "sellingGeneralAndAdministrative": "140000000",
            "researchAndDevelopment": "None",
            "operatingExpenses": "150300000",
            "investmentIncomeNet": "None",
            "netInterestIncome": "-24100000",
            "interestIncome": "-23400000",
            "interestExpense": "700000",
            "nonInterestIncome": "1729400000",
            "otherNonOperatingIncome": "None",
            "depreciation": "85200000",
            "depreciationAndAmortization": "2200000",
            "incomeBeforeTax": "249300000",
            "incomeTaxExpense": "62500000",
            "interestAndDebtExpense": "700000",
            "netIncomeFromContinuingOperations": "186800000",
            "comprehensiveIncomeNetOfTax": "190100000",
            "ebit": "275400000",
            "ebitda": "252200000",
            "netIncome": "186800000"
        },
        {
            "fiscalDateEnding": "2018-12-31",
            "reportedCurrency": "USD",
            "grossProfit": "425400000",
            "totalRevenue": "1746600000",
            "costOfRevenue": "1454500000",
            "costofGoodsAndServicesSold": "1321100000",
            "operatingIncome": "286700000",
            "sellingGeneralAndAdministrative": "129700000",
            "researchAndDevelopment": "14400000",
            "operatingExpenses": "141600000",
            "investmentIncomeNet": "None",
            "netInterestIncome": "-21700000",
            "interestIncome": "-15200000",
            "interestExpense": "6500000",
            "nonInterestIncome": "1746600000",
            "otherNonOperatingIncome": "None",
            "depreciation": "86400000",
            "depreciationAndAmortization": "2100000",
            "incomeBeforeTax": "264500000",
            "incomeTaxExpense": "59900000",
            "interestAndDebtExpense": "6500000",
            "netIncomeFromContinuingOperations": "286700000",
            "comprehensiveIncomeNetOfTax": "210900000",
            "ebit": "286700000",
            "ebitda": "273100000",
            "netIncome": "204600000"
        },
        {
            "fiscalDateEnding": "2018-09-30",
            "reportedCurrency": "USD",
            "grossProfit": "443200000",
            "totalRevenue": "1804100000",
            "costOfRevenue": "1511100000",
            "costofGoodsAndServicesSold": "1366700000",
            "operatingIncome": "298500000",
            "sellingGeneralAndAdministrative": "134200000",
            "researchAndDevelopment": "None",
            "operatingExpenses": "149800000",
            "investmentIncomeNet": "None",
            "netInterestIncome": "-23900000",
            "interestIncome": "-23200000",
            "interestExpense": "700000",
            "nonInterestIncome": "1804800000",
            "otherNonOperatingIncome": "None",
            "depreciation": "89000000",
            "depreciationAndAmortization": "10200000",
            "incomeBeforeTax": "274100000",
            "incomeTaxExpense": "67400000",
            "interestAndDebtExpense": "700000",
            "netIncomeFromContinuingOperations": "206700000",
            "comprehensiveIncomeNetOfTax": "210700000",
            "ebit": "298500000",
            "ebitda": "285000000",
            "netIncome": "206700000"
        },
        {
            "fiscalDateEnding": "2018-06-30",
            "reportedCurrency": "USD",
            "grossProfit": "420600000",
            "totalRevenue": "3530200000",
            "costOfRevenue": "1484600000",
            "costofGoodsAndServicesSold": "1346900000",
            "operatingIncome": "269600000",
            "sellingGeneralAndAdministrative": "137700000",
            "researchAndDevelopment": "None",
            "operatingExpenses": "155100000",
            "investmentIncomeNet": "None",
            "netInterestIncome": "-23800000",
            "interestIncome": "-23100000",
            "interestExpense": "700000",
            "nonInterestIncome": "1763400000",
            "otherNonOperatingIncome": "None",
            "depreciation": "91600000",
            "depreciationAndAmortization": "2100000",
            "incomeBeforeTax": "245300000",
            "incomeTaxExpense": "58700000",
            "interestAndDebtExpense": "700000",
            "netIncomeFromContinuingOperations": "186600000",
            "comprehensiveIncomeNetOfTax": "190600000",
            "ebit": "269600000",
            "ebitda": "248100000",
            "netIncome": "186600000"
        },
        {
            "fiscalDateEnding": "2018-03-31",
            "reportedCurrency": "USD",
            "grossProfit": "356100000",
            "totalRevenue": "3375400000",
            "costOfRevenue": "1471700000",
            "costofGoodsAndServicesSold": "1334500000",
            "operatingIncome": "212900000",
            "sellingGeneralAndAdministrative": "134900000",
            "researchAndDevelopment": "None",
            "operatingExpenses": "148300000",
            "investmentIncomeNet": "None",
            "netInterestIncome": "-25800000",
            "interestIncome": "-25100000",
            "interestExpense": "700000",
            "nonInterestIncome": "1685500000",
            "otherNonOperatingIncome": "None",
            "depreciation": "94600000",
            "depreciationAndAmortization": "2300000",
            "incomeBeforeTax": "186600000",
            "incomeTaxExpense": "46500000",
            "interestAndDebtExpense": "700000",
            "netIncomeFromContinuingOperations": "140100000",
            "comprehensiveIncomeNetOfTax": "144000000",
            "ebit": "212900000",
            "ebitda": "189600000",
            "netIncome": "140100000"
        }
    ]
}