{
    "symbol": "PXD",
    "annualReports": [
        {
            "fiscalDateEnding": "2022-12-31",
            "reportedCurrency": "USD",
            "grossProfit": "23876000000",
            "totalRevenue": "24294000000",
            "costOfRevenue": "418000000",
            "costofGoodsAndServicesSold": "13652000000",
            "operatingIncome": "23408000000",
            "sellingGeneralAndAdministrative": "334000000",
            "researchAndDevelopment": "None",
            "operatingExpenses": "362000000",
            "investmentIncomeNet": "None",
            "netInterestIncome": "-92000000",
            "interestIncome": "36000000",
            "interestExpense": "128000000",
            "nonInterestIncome": "24136000000",
            "otherNonOperatingIncome": "-173000000",
            "depreciation": "None",
            "depreciationAndAmortization": "28000000",
            "incomeBeforeTax": "9951000000",
            "incomeTaxExpense": "2106000000",
            "interestAndDebtExpense": "167000000",
            "netIncomeFromContinuingOperations": "7845000000",
            "comprehensiveIncomeNetOfTax": "7845000000",
            "ebit": "10079000000",
            "ebitda": "10107000000",
            "netIncome": "7845000000"
        },
        {
            "fiscalDateEnding": "2021-12-31",
            "reportedCurrency": "USD",
            "grossProfit": "14310000000",
            "totalRevenue": "14643000000",
            "costOfRevenue": "333000000",
            "costofGoodsAndServicesSold": "10976000000",
            "operatingIncome": "13967000000",
            "sellingGeneralAndAdministrative": "292000000",
            "researchAndDevelopment": "None",
            "operatingExpenses": "343000000",
            "investmentIncomeNet": "None",
            "netInterestIncome": "-161000000",
            "interestIncome": "2321000000",
            "interestExpense": "161000000",
            "nonInterestIncome": "14618000000",
            "otherNonOperatingIncome": "-410000000",
            "depreciation": "None",
            "depreciationAndAmortization": "28000000",
            "incomeBeforeTax": "2746000000",
            "incomeTaxExpense": "628000000",
            "interestAndDebtExpense": "163000000",
            "netIncomeFromContinuingOperations": "2118000000",
            "comprehensiveIncomeNetOfTax": "2118000000",
            "ebit": "2907000000",
            "ebitda": "2935000000",
            "netIncome": "2118000000"
        },
        {
            "fiscalDateEnding": "2020-12-31",
            "reportedCurrency": "USD",
            "grossProfit": "6070000000",
            "totalRevenue": "6685000000",
            "costOfRevenue": "615000000",
            "costofGoodsAndServicesSold": "242000000",
            "operatingIncome": "5685000000",
            "sellingGeneralAndAdministrative": "244000000",
            "researchAndDevelopment": "None",
            "operatingExpenses": "385000000",
            "investmentIncomeNet": "None",
            "netInterestIncome": "-129000000",
            "interestIncome": "435000000",
            "interestExpense": "129000000",
            "nonInterestIncome": "6725000000",
            "otherNonOperatingIncome": "-321000000",
            "depreciation": "None",
            "depreciationAndAmortization": "28000000",
            "incomeBeforeTax": "-261000000",
            "incomeTaxExpense": "-61000000",
            "interestAndDebtExpense": "156000000",
            "netIncomeFromContinuingOperations": "-200000000",
            "comprehensiveIncomeNetOfTax": "-200000000",
            "ebit": "-132000000",
            "ebitda": "-104000000",
            "netIncome": "-200000000"
        },
        {
            "fiscalDateEnding": "2019-12-31",
            "reportedCurrency": "USD",
            "grossProfit": "8467000000",
            "totalRevenue": "9325000000",
            "costOfRevenue": "837000000",
            "costofGoodsAndServicesSold": "299000000",
            "operatingIncome": "7956000000",
            "sellingGeneralAndAdministrative": "324000000",
            "researchAndDevelopment": "None",
            "operatingExpenses": "511000000",
            "investmentIncomeNet": "None",
            "netInterestIncome": "-121000000",
            "interestIncome": "73000000",
            "interestExpense": "121000000",
            "nonInterestIncome": "9228000000",
            "otherNonOperatingIncome": "-448000000",
            "depreciation": "None",
            "depreciationAndAmortization": "7000000",
            "incomeBeforeTax": "1008000000",
            "incomeTaxExpense": "235000000",
            "interestAndDebtExpense": "121000000",
            "netIncomeFromContinuingOperations": "756000000",
            "comprehensiveIncomeNetOfTax": "756000000",
            "ebit": "1129000000",
            "ebitda": "1136000000",
            "netIncome": "773000000"
        },
        {
            "fiscalDateEnding": "2018-12-31",
            "reportedCurrency": "USD",
            "grossProfit": "8545000000",
            "totalRevenue": "9415000000",
            "costOfRevenue": "870000000",
            "costofGoodsAndServicesSold": "284000000",
            "operatingIncome": "7908000000",
            "sellingGeneralAndAdministrative": "381000000",
            "researchAndDevelopment": "None",
            "operatingExpenses": "347000000",
            "investmentIncomeNet": "None",
            "netInterestIncome": "-126000000",
            "interestIncome": "29000000",
            "interestExpense": "126000000",
            "nonInterestIncome": "9377000000",
            "otherNonOperatingIncome": "-849000000",
            "depreciation": "None",
            "depreciationAndAmortization": "1534000000",
            "incomeBeforeTax": "1254000000",
            "incomeTaxExpense": "276000000",
            "interestAndDebtExpense": "126000000",
            "netIncomeFromContinuingOperations": "975000000",
            "comprehensiveIncomeNetOfTax": "978000000",
            "ebit": "1380000000",
            "ebitda": "3159000000",
            "netIncome": "978000000"
        }
    ],
    "quarterlyReports": [
        {
            "fiscalDateEnding": "2023-03-31",
            "reportedCurrency": "USD",
            "grossProfit": "4438000000",
            "totalRevenue": "4541000000",
            "costOfRevenue": "103000000",
            "costofGoodsAndServicesSold": "1940000000",
            "operatingIncome": "4326000000",
            "sellingGeneralAndAdministrative": "84000000",
            "researchAndDevelopment": "None",
            "operatingExpenses": "87000000",
            "investmentIncomeNet": "None",
            "netInterestIncome": "-28000000",
            "interestIncome": "109000000",
            "interestExpense": "28000000",
            "nonInterestIncome": "4578000000",
            "otherNonOperatingIncome": "-41000000",
            "depreciation": "None",
            "depreciationAndAmortization": "None",
            "incomeBeforeTax": "1557000000",
            "incomeTaxExpense": "335000000",
            "interestAndDebtExpense": "28000000",
            "netIncomeFromContinuingOperations": "1222000000",
            "comprehensiveIncomeNetOfTax": "1222000000",
            "ebit": "1585000000",
            "ebitda": "2286000000",
            "netIncome": "1222000000"
        },
        {
            "fiscalDateEnding": "2022-12-31",
            "reportedCurrency": "USD",
            "grossProfit": "4987000000",
            "totalRevenue": "5109000000",
            "costOfRevenue": "122000000",
            "costofGoodsAndServicesSold": "3064000000",
            "operatingIncome": "4861000000",
            "sellingGeneralAndAdministrative": "82000000",
            "researchAndDevelopment": "None",
            "operatingExpenses": "125000000",
            "investmentIncomeNet": "None",
            "netInterestIncome": "-13000000",
            "interestIncome": "15000000",
            "interestExpense": "28000000",
            "nonInterestIncome": "5055000000",
            "otherNonOperatingIncome": "-55000000",
            "depreciation": "None",
            "depreciationAndAmortization": "656000000",
            "incomeBeforeTax": "1868000000",
            "incomeTaxExpense": "387000000",
            "interestAndDebtExpense": "20000000",
            "netIncomeFromContinuingOperations": "1481000000",
            "comprehensiveIncomeNetOfTax": "1481000000",
            "ebit": "1896000000",
            "ebitda": "2710000000",
            "netIncome": "1481000000"
        },
        {
            "fiscalDateEnding": "2022-09-30",
            "reportedCurrency": "USD",
            "grossProfit": "5991000000",
            "totalRevenue": "6093000000",
            "costOfRevenue": "102000000",
            "costofGoodsAndServicesSold": "3431000000",
            "operatingIncome": "5868000000",
            "sellingGeneralAndAdministrative": "90000000",
            "researchAndDevelopment": "None",
            "operatingExpenses": "88000000",
            "investmentIncomeNet": "None",
            "netInterestIncome": "-15000000",
            "interestIncome": "15000000",
            "interestExpense": "30000000",
            "nonInterestIncome": "6105000000",
            "otherNonOperatingIncome": "-36000000",
            "depreciation": "None",
            "depreciationAndAmortization": "640000000",
            "incomeBeforeTax": "2494000000",
            "incomeTaxExpense": "510000000",
            "interestAndDebtExpense": "30000000",
            "netIncomeFromContinuingOperations": "1984000000",
            "comprehensiveIncomeNetOfTax": "1984000000",
            "ebit": "2524000000",
            "ebitda": "3116000000",
            "netIncome": "1984000000"
        },
        {
            "fiscalDateEnding": "2022-06-30",
            "reportedCurrency": "USD",
            "grossProfit": "6817000000",
            "totalRevenue": "6920000000",
            "costOfRevenue": "103000000",
            "costofGoodsAndServicesSold": "3751000000",
            "operatingIncome": "6702000000",
            "sellingGeneralAndAdministrative": "88000000",
            "researchAndDevelopment": "None",
            "operatingExpenses": "79000000",
            "investmentIncomeNet": "None",
            "netInterestIncome": "-33000000",
            "interestIncome": "154000000",
            "interestExpense": "33000000",
            "nonInterestIncome": "6976000000",
            "otherNonOperatingIncome": "-5000000",
            "depreciation": "None",
            "depreciationAndAmortization": "620000000",
            "incomeBeforeTax": "3028000000",
            "incomeTaxExpense": "657000000",
            "interestAndDebtExpense": "33000000",
            "netIncomeFromContinuingOperations": "2371000000",
            "comprehensiveIncomeNetOfTax": "2371000000",
            "ebit": "3061000000",
            "ebitda": "3705000000",
            "netIncome": "2371000000"
        },
        {
            "fiscalDateEnding": "2022-03-31",
            "reportedCurrency": "USD",
            "grossProfit": "6081000000",
            "totalRevenue": "6172000000",
            "costOfRevenue": "91000000",
            "costofGoodsAndServicesSold": "3406000000",
            "operatingIncome": "5980000000",
            "sellingGeneralAndAdministrative": "73000000",
            "researchAndDevelopment": "None",
            "operatingExpenses": "67000000",
            "investmentIncomeNet": "None",
            "netInterestIncome": "-37000000",
            "interestIncome": "126000000",
            "interestExpense": "37000000",
            "nonInterestIncome": "5999000000",
            "otherNonOperatingIncome": "-77000000",
            "depreciation": "None",
            "depreciationAndAmortization": "614000000",
            "incomeBeforeTax": "2561000000",
            "incomeTaxExpense": "552000000",
            "interestAndDebtExpense": "84000000",
            "netIncomeFromContinuingOperations": "2009000000",
            "comprehensiveIncomeNetOfTax": "2009000000",
            "ebit": "2598000000",
            "ebitda": "3342000000",
            "netIncome": "2009000000"
        },
        {
            "fiscalDateEnding": "2021-12-31",
            "reportedCurrency": "USD",
            "grossProfit": "4246000000",
            "totalRevenue": "4317000000",
            "costOfRevenue": "71000000",
            "costofGoodsAndServicesSold": "3172000000",
            "operatingIncome": "4186000000",
            "sellingGeneralAndAdministrative": "76000000",
            "researchAndDevelopment": "None",
            "operatingExpenses": "74000000",
            "investmentIncomeNet": "None",
            "netInterestIncome": "-39000000",
            "interestIncome": "217000000",
            "interestExpense": "39000000",
            "nonInterestIncome": "4336000000",
            "otherNonOperatingIncome": "-26000000",
            "depreciation": "None",
            "depreciationAndAmortization": "673000000",
            "incomeBeforeTax": "991000000",
            "incomeTaxExpense": "228000000",
            "interestAndDebtExpense": "39000000",
            "netIncomeFromContinuingOperations": "763000000",
            "comprehensiveIncomeNetOfTax": "763000000",
            "ebit": "1030000000",
            "ebitda": "2954000000",
            "netIncome": "763000000"
        },
        {
            "fiscalDateEnding": "2021-09-30",
            "reportedCurrency": "USD",
            "grossProfit": "4379000000",
            "totalRevenue": "4463000000",
            "costOfRevenue": "84000000",
            "costofGoodsAndServicesSold": "2968000000",
            "operatingIncome": "4286000000",
            "sellingGeneralAndAdministrative": "72000000",
            "researchAndDevelopment": "None",
            "operatingExpenses": "92000000",
            "investmentIncomeNet": "None",
            "netInterestIncome": "-41000000",
            "interestIncome": "2000000",
            "interestExpense": "41000000",
            "nonInterestIncome": "4461000000",
            "otherNonOperatingIncome": "-34000000",
            "depreciation": "None",
            "depreciationAndAmortization": "704000000",
            "incomeBeforeTax": "1336000000",
            "incomeTaxExpense": "291000000",
            "interestAndDebtExpense": "41000000",
            "netIncomeFromContinuingOperations": "1045000000",
            "comprehensiveIncomeNetOfTax": "1045000000",
            "ebit": "1377000000",
            "ebitda": "2589000000",
            "netIncome": "1045000000"
        },
        {
            "fiscalDateEnding": "2021-06-30",
            "reportedCurrency": "USD",
            "grossProfit": "3016000000",
            "totalRevenue": "3419000000",
            "costOfRevenue": "403000000",
            "costofGoodsAndServicesSold": "316000000",
            "operatingIncome": "2925000000",
            "sellingGeneralAndAdministrative": "75000000",
            "researchAndDevelopment": "None",
            "operatingExpenses": "89000000",
            "investmentIncomeNet": "None",
            "netInterestIncome": "-41000000",
            "interestIncome": "893000000",
            "interestExpense": "41000000",
            "nonInterestIncome": "3442000000",
            "otherNonOperatingIncome": "-47000000",
            "depreciation": "None",
            "depreciationAndAmortization": "647000000",
            "incomeBeforeTax": "500000000",
            "incomeTaxExpense": "120000000",
            "interestAndDebtExpense": "38000000",
            "netIncomeFromContinuingOperations": "380000000",
            "comprehensiveIncomeNetOfTax": "380000000",
            "ebit": "541000000",
            "ebitda": "2052000000",
            "netIncome": "380000000"
        },
        {
            "fiscalDateEnding": "2021-03-31",
            "reportedCurrency": "USD",
            "grossProfit": "2243000000",
            "totalRevenue": "2444000000",
            "costOfRevenue": "201000000",
            "costofGoodsAndServicesSold": "252000000",
            "operatingIncome": "2148000000",
            "sellingGeneralAndAdministrative": "68000000",
            "researchAndDevelopment": "None",
            "operatingExpenses": "84000000",
            "investmentIncomeNet": "None",
            "netInterestIncome": "-39000000",
            "interestIncome": "60000000",
            "interestExpense": "39000000",
            "nonInterestIncome": "2379000000",
            "otherNonOperatingIncome": "-304000000",
            "depreciation": "None",
            "depreciationAndAmortization": "474000000",
            "incomeBeforeTax": "-81000000",
            "incomeTaxExpense": "-11000000",
            "interestAndDebtExpense": "44000000",
            "netIncomeFromContinuingOperations": "-70000000",
            "comprehensiveIncomeNetOfTax": "-70000000",
            "ebit": "-42000000",
            "ebitda": "1314000000",
            "netIncome": "-70000000"
        },
        {
            "fiscalDateEnding": "2020-12-31",
            "reportedCurrency": "USD",
            "grossProfit": "1585000000",
            "totalRevenue": "1856000000",
            "costOfRevenue": "170000000",
            "costofGoodsAndServicesSold": "60000000",
            "operatingIncome": "1477000000",
            "sellingGeneralAndAdministrative": "64000000",
            "researchAndDevelopment": "None",
            "operatingExpenses": "115000000",
            "investmentIncomeNet": "None",
            "netInterestIncome": "-35000000",
            "interestIncome": "78000000",
            "interestExpense": "35000000",
            "nonInterestIncome": "1677000000",
            "otherNonOperatingIncome": "-48000000",
            "depreciation": "None",
            "depreciationAndAmortization": "396000000",
            "incomeBeforeTax": "28000000",
            "incomeTaxExpense": "-15000000",
            "interestAndDebtExpense": "35000000",
            "netIncomeFromContinuingOperations": "-30000000",
            "comprehensiveIncomeNetOfTax": "-30000000",
            "ebit": "63000000",
            "ebitda": "714000000",
            "netIncome": "43000000"
        },
        {
            "fiscalDateEnding": "2020-09-30",
            "reportedCurrency": "USD",
            "grossProfit": "1612000000",
            "totalRevenue": "1731000000",
            "costOfRevenue": "203000000",
            "costofGoodsAndServicesSold": "63000000",
            "operatingIncome": "1468000000",
            "sellingGeneralAndAdministrative": "64000000",
            "researchAndDevelopment": "None",
            "operatingExpenses": "142000000",
            "investmentIncomeNet": "None",
            "netInterestIncome": "-34000000",
            "interestIncome": "109000000",
            "interestExpense": "34000000",
            "nonInterestIncome": "1802000000",
            "otherNonOperatingIncome": "-98000000",
            "depreciation": "None",
            "depreciationAndAmortization": "393000000",
            "incomeBeforeTax": "-100000000",
            "incomeTaxExpense": "-15000000",
            "interestAndDebtExpense": "34000000",
            "netIncomeFromContinuingOperations": "-20000000",
            "comprehensiveIncomeNetOfTax": "-20000000",
            "ebit": "-66000000",
            "ebitda": "518000000",
            "netIncome": "-85000000"
        },
        {
            "fiscalDateEnding": "2020-06-30",
            "reportedCurrency": "USD",
            "grossProfit": "749000000",
            "totalRevenue": "839000000",
            "costOfRevenue": "110000000",
            "costofGoodsAndServicesSold": "167000000",
            "operatingIncome": "680000000",
            "sellingGeneralAndAdministrative": "60000000",
            "researchAndDevelopment": "None",
            "operatingExpenses": "63000000",
            "investmentIncomeNet": "None",
            "netInterestIncome": "-33000000",
            "interestIncome": "325000000",
            "interestExpense": "33000000",
            "nonInterestIncome": "784000000",
            "otherNonOperatingIncome": "-90000000",
            "depreciation": "None",
            "depreciationAndAmortization": "416000000",
            "incomeBeforeTax": "-558000000",
            "incomeTaxExpense": "-109000000",
            "interestAndDebtExpense": "60000000",
            "netIncomeFromContinuingOperations": "-439000000",
            "comprehensiveIncomeNetOfTax": "-439000000",
            "ebit": "-525000000",
            "ebitda": "270000000",
            "netIncome": "-449000000"
        },
        {
            "fiscalDateEnding": "2020-03-31",
            "reportedCurrency": "USD",
            "grossProfit": "2124000000",
            "totalRevenue": "2260000000",
            "costOfRevenue": "133000000",
            "costofGoodsAndServicesSold": "176000000",
            "operatingIncome": "2061000000",
            "sellingGeneralAndAdministrative": "56000000",
            "researchAndDevelopment": "None",
            "operatingExpenses": "63000000",
            "investmentIncomeNet": "None",
            "netInterestIncome": "-27000000",
            "interestIncome": "2000000",
            "interestExpense": "27000000",
            "nonInterestIncome": "2463000000",
            "otherNonOperatingIncome": "-85000000",
            "depreciation": "None",
            "depreciationAndAmortization": "434000000",
            "incomeBeforeTax": "368000000",
            "incomeTaxExpense": "77000000",
            "interestAndDebtExpense": "27000000",
            "netIncomeFromContinuingOperations": "441000000",
            "comprehensiveIncomeNetOfTax": "289000000",
            "ebit": "395000000",
            "ebitda": "436000000",
            "netIncome": "291000000"
        },
        {
            "fiscalDateEnding": "2019-12-31",
            "reportedCurrency": "USD",
            "grossProfit": "2475000000",
            "totalRevenue": "2664000000",
            "costOfRevenue": "168000000",
            "costofGoodsAndServicesSold": "76000000",
            "operatingIncome": "2437000000",
            "sellingGeneralAndAdministrative": "78000000",
            "researchAndDevelopment": "None",
            "operatingExpenses": "-439000000",
            "investmentIncomeNet": "None",
            "netInterestIncome": "-33000000",
            "interestIncome": "118000000",
            "interestExpense": "33000000",
            "nonInterestIncome": "2525000000",
            "otherNonOperatingIncome": "-58000000",
            "depreciation": "None",
            "depreciationAndAmortization": "440000000",
            "incomeBeforeTax": "469000000",
            "incomeTaxExpense": "108000000",
            "interestAndDebtExpense": "33000000",
            "netIncomeFromContinuingOperations": "344000000",
            "comprehensiveIncomeNetOfTax": "344000000",
            "ebit": "502000000",
            "ebitda": "1026000000",
            "netIncome": "361000000"
        },
        {
            "fiscalDateEnding": "2019-09-30",
            "reportedCurrency": "USD",
            "grossProfit": "2160000000",
            "totalRevenue": "2325000000",
            "costOfRevenue": "165000000",
            "costofGoodsAndServicesSold": "86000000",
            "operatingIncome": "2073000000",
            "sellingGeneralAndAdministrative": "72000000",
            "researchAndDevelopment": "None",
            "operatingExpenses": "67000000",
            "investmentIncomeNet": "None",
            "netInterestIncome": "-29000000",
            "interestIncome": "98000000",
            "interestExpense": "29000000",
            "nonInterestIncome": "2547000000",
            "otherNonOperatingIncome": "-32000000",
            "depreciation": "None",
            "depreciationAndAmortization": "438000000",
            "incomeBeforeTax": "303000000",
            "incomeTaxExpense": "72000000",
            "interestAndDebtExpense": "29000000",
            "netIncomeFromContinuingOperations": "231000000",
            "comprehensiveIncomeNetOfTax": "231000000",
            "ebit": "332000000",
            "ebitda": "860000000",
            "netIncome": "231000000"
        },
        {
            "fiscalDateEnding": "2019-06-30",
            "reportedCurrency": "USD",
            "grossProfit": "1624000000",
            "totalRevenue": "1923000000",
            "costOfRevenue": "299000000",
            "costofGoodsAndServicesSold": "69000000",
            "operatingIncome": "1386000000",
            "sellingGeneralAndAdministrative": "80000000",
            "researchAndDevelopment": "None",
            "operatingExpenses": "726000000",
            "investmentIncomeNet": "None",
            "netInterestIncome": "-29000000",
            "interestIncome": "5000000",
            "interestExpense": "29000000",
            "nonInterestIncome": "1934000000",
            "otherNonOperatingIncome": "-211000000",
            "depreciation": "None",
            "depreciationAndAmortization": "412000000",
            "incomeBeforeTax": "-216000000",
            "incomeTaxExpense": "-47000000",
            "interestAndDebtExpense": "29000000",
            "netIncomeFromContinuingOperations": "-169000000",
            "comprehensiveIncomeNetOfTax": "-169000000",
            "ebit": "-187000000",
            "ebitda": "849000000",
            "netIncome": "-169000000"
        },
        {
            "fiscalDateEnding": "2019-03-31",
            "reportedCurrency": "USD",
            "grossProfit": "2175000000",
            "totalRevenue": "2413000000",
            "costOfRevenue": "238000000",
            "costofGoodsAndServicesSold": "68000000",
            "operatingIncome": "2024000000",
            "sellingGeneralAndAdministrative": "94000000",
            "researchAndDevelopment": "None",
            "operatingExpenses": "160000000",
            "investmentIncomeNet": "None",
            "netInterestIncome": "-29000000",
            "interestIncome": "140000000",
            "interestExpense": "29000000",
            "nonInterestIncome": "2222000000",
            "otherNonOperatingIncome": "-147000000",
            "depreciation": "None",
            "depreciationAndAmortization": "421000000",
            "incomeBeforeTax": "247000000",
            "incomeTaxExpense": "-103000000",
            "interestAndDebtExpense": "29000000",
            "netIncomeFromContinuingOperations": "350000000",
            "comprehensiveIncomeNetOfTax": "350000000",
            "ebit": "276000000",
            "ebitda": "970000000",
            "netIncome": "350000000"
        },
        {
            "fiscalDateEnding": "2018-12-31",
            "reportedCurrency": "USD",
            "grossProfit": "2566000000",
            "totalRevenue": "2675000000",
            "costOfRevenue": "109000000",
            "costofGoodsAndServicesSold": "55000000",
            "operatingIncome": "2422000000",
            "sellingGeneralAndAdministrative": "99000000",
            "researchAndDevelopment": "None",
            "operatingExpenses": "80000000",
            "investmentIncomeNet": "None",
            "netInterestIncome": "-29000000",
            "interestIncome": "None",
            "interestExpense": "29000000",
            "nonInterestIncome": "2677000000",
            "otherNonOperatingIncome": "-533000000",
            "depreciation": "None",
            "depreciationAndAmortization": "404000000",
            "incomeBeforeTax": "411000000",
            "incomeTaxExpense": "88000000",
            "interestAndDebtExpense": "29000000",
            "netIncomeFromContinuingOperations": "323000000",
            "comprehensiveIncomeNetOfTax": "323000000",
            "ebit": "440000000",
            "ebitda": "413000000",
            "netIncome": "323000000"
        },
        {
            "fiscalDateEnding": "2018-09-30",
            "reportedCurrency": "USD",
            "grossProfit": "2247000000",
            "totalRevenue": "2476000000",
            "costOfRevenue": "229000000",
            "costofGoodsAndServicesSold": "83000000",
            "operatingIncome": "2113000000",
            "sellingGeneralAndAdministrative": "96000000",
            "researchAndDevelopment": "None",
            "operatingExpenses": "-9000000",
            "investmentIncomeNet": "None",
            "netInterestIncome": "-30000000",
            "interestIncome": "None",
            "interestExpense": "30000000",
            "nonInterestIncome": "2466000000",
            "otherNonOperatingIncome": "-182000000",
            "depreciation": "None",
            "depreciationAndAmortization": "395000000",
            "incomeBeforeTax": "529000000",
            "incomeTaxExpense": "118000000",
            "interestAndDebtExpense": "30000000",
            "netIncomeFromContinuingOperations": "411000000",
            "comprehensiveIncomeNetOfTax": "411000000",
            "ebit": "559000000",
            "ebitda": "1069000000",
            "netIncome": "411000000"
        },
        {
            "fiscalDateEnding": "2018-06-30",
            "reportedCurrency": "USD",
            "grossProfit": "638000000",
            "totalRevenue": "2111000000",
            "costOfRevenue": "1473000000",
            "costofGoodsAndServicesSold": "1269000000",
            "operatingIncome": "421000000",
            "sellingGeneralAndAdministrative": "95000000",
            "researchAndDevelopment": "None",
            "operatingExpenses": "138000000",
            "investmentIncomeNet": "None",
            "netInterestIncome": "-32000000",
            "interestIncome": "None",
            "interestExpense": "32000000",
            "nonInterestIncome": "2102000000",
            "otherNonOperatingIncome": "-67000000",
            "depreciation": "None",
            "depreciationAndAmortization": "378000000",
            "incomeBeforeTax": "85000000",
            "incomeTaxExpense": "19000000",
            "interestAndDebtExpense": "32000000",
            "netIncomeFromContinuingOperations": "63000000",
            "comprehensiveIncomeNetOfTax": "66000000",
            "ebit": "117000000",
            "ebitda": "856000000",
            "netIncome": "66000000"
        }
    ]
}