{
    "symbol": "SPGI",
    "annualReports": [
        {
            "fiscalDateEnding": "2022-12-31",
            "reportedCurrency": "USD",
            "grossProfit": "9006000000",
            "totalRevenue": "12772000000",
            "costOfRevenue": "3766000000",
            "costofGoodsAndServicesSold": "3766000000",
            "operatingIncome": "4944000000",
            "sellingGeneralAndAdministrative": "3383000000",
            "researchAndDevelopment": "None",
            "operatingExpenses": "2546000000",
            "investmentIncomeNet": "None",
            "netInterestIncome": "-304000000",
            "interestIncome": "None",
            "interestExpense": "304000000",
            "nonInterestIncome": "13071000000",
            "otherNonOperatingIncome": "70000000",
            "depreciation": "108000000",
            "depreciationAndAmortization": "905000000",
            "incomeBeforeTax": "4428000000",
            "incomeTaxExpense": "1180000000",
            "interestAndDebtExpense": "312000000",
            "netIncomeFromContinuingOperations": "3248000000",
            "comprehensiveIncomeNetOfTax": "3203000000",
            "ebit": "4732000000",
            "ebitda": "5637000000",
            "netIncome": "3248000000"
        },
        {
            "fiscalDateEnding": "2021-12-31",
            "reportedCurrency": "USD",
            "grossProfit": "5996000000",
            "totalRevenue": "8191000000",
            "costOfRevenue": "2195000000",
            "costofGoodsAndServicesSold": "2195000000",
            "operatingIncome": "4221000000",
            "sellingGeneralAndAdministrative": "1714000000",
            "researchAndDevelopment": "None",
            "operatingExpenses": "1843000000",
            "investmentIncomeNet": "None",
            "netInterestIncome": "-119000000",
            "interestIncome": "None",
            "interestExpense": "119000000",
            "nonInterestIncome": "8308000000",
            "otherNonOperatingIncome": "62000000",
            "depreciation": "82000000",
            "depreciationAndAmortization": "96000000",
            "incomeBeforeTax": "3925000000",
            "incomeTaxExpense": "901000000",
            "interestAndDebtExpense": "119000000",
            "netIncomeFromContinuingOperations": "3024000000",
            "comprehensiveIncomeNetOfTax": "2820000000",
            "ebit": "4044000000",
            "ebitda": "4140000000",
            "netIncome": "3024000000"
        },
        {
            "fiscalDateEnding": "2020-12-31",
            "reportedCurrency": "USD",
            "grossProfit": "4952000000",
            "totalRevenue": "7044000000",
            "costOfRevenue": "2094000000",
            "costofGoodsAndServicesSold": "2092000000",
            "operatingIncome": "3617000000",
            "sellingGeneralAndAdministrative": "1541000000",
            "researchAndDevelopment": "None",
            "operatingExpenses": "1787000000",
            "investmentIncomeNet": "None",
            "netInterestIncome": "-141000000",
            "interestIncome": "None",
            "interestExpense": "141000000",
            "nonInterestIncome": "7179000000",
            "otherNonOperatingIncome": "31000000",
            "depreciation": "83000000",
            "depreciationAndAmortization": "123000000",
            "incomeBeforeTax": "3033000000",
            "incomeTaxExpense": "694000000",
            "interestAndDebtExpense": "420000000",
            "netIncomeFromContinuingOperations": "2339000000",
            "comprehensiveIncomeNetOfTax": "2326000000",
            "ebit": "3174000000",
            "ebitda": "3297000000",
            "netIncome": "2339000000"
        },
        {
            "fiscalDateEnding": "2019-12-31",
            "reportedCurrency": "USD",
            "grossProfit": "4767000000",
            "totalRevenue": "6568000000",
            "costOfRevenue": "1976000000",
            "costofGoodsAndServicesSold": "1801000000",
            "operatingIncome": "3226000000",
            "sellingGeneralAndAdministrative": "1342000000",
            "researchAndDevelopment": "None",
            "operatingExpenses": "3522000000",
            "investmentIncomeNet": "None",
            "netInterestIncome": "-198000000",
            "interestIncome": "-57000000",
            "interestExpense": "141000000",
            "nonInterestIncome": "6748000000",
            "otherNonOperatingIncome": "-98000000",
            "depreciation": "82000000",
            "depreciationAndAmortization": "122000000",
            "incomeBeforeTax": "2750000000",
            "incomeTaxExpense": "627000000",
            "interestAndDebtExpense": "198000000",
            "netIncomeFromContinuingOperations": "2123000000",
            "comprehensiveIncomeNetOfTax": "2241000000",
            "ebit": "2891000000",
            "ebitda": "3013000000",
            "netIncome": "2123000000"
        },
        {
            "fiscalDateEnding": "2018-12-31",
            "reportedCurrency": "USD",
            "grossProfit": "4440000000",
            "totalRevenue": "6141000000",
            "costOfRevenue": "1838000000",
            "costofGoodsAndServicesSold": "3468000000",
            "operatingIncome": "2790000000",
            "sellingGeneralAndAdministrative": "1424000000",
            "researchAndDevelopment": "None",
            "operatingExpenses": "3468000000",
            "investmentIncomeNet": "None",
            "netInterestIncome": "-134000000",
            "interestIncome": "139000000",
            "interestExpense": "134000000",
            "nonInterestIncome": "6275000000",
            "otherNonOperatingIncome": "25000000",
            "depreciation": "84000000",
            "depreciationAndAmortization": "122000000",
            "incomeBeforeTax": "2518000000",
            "incomeTaxExpense": "560000000",
            "interestAndDebtExpense": "134000000",
            "netIncomeFromContinuingOperations": "1958000000",
            "comprehensiveIncomeNetOfTax": "1855000000",
            "ebit": "2652000000",
            "ebitda": "2774000000",
            "netIncome": "1958000000"
        }
    ],
    "quarterlyReports": [
        {
            "fiscalDateEnding": "2023-03-31",
            "reportedCurrency": "USD",
            "grossProfit": "2041000000",
            "totalRevenue": "3129000000",
            "costOfRevenue": "1088000000",
            "costofGoodsAndServicesSold": "1088000000",
            "operatingIncome": "1144000000",
            "sellingGeneralAndAdministrative": "705000000",
            "researchAndDevelopment": "None",
            "operatingExpenses": "931000000",
            "investmentIncomeNet": "None",
            "netInterestIncome": "-85000000",
            "interestIncome": "None",
            "interestExpense": "85000000",
            "nonInterestIncome": "3210000000",
            "otherNonOperatingIncome": "-11000000",
            "depreciation": "25000000",
            "depreciationAndAmortization": "262000000",
            "incomeBeforeTax": "983000000",
            "incomeTaxExpense": "188000000",
            "interestAndDebtExpense": "85000000",
            "netIncomeFromContinuingOperations": "795000000",
            "comprehensiveIncomeNetOfTax": "820000000",
            "ebit": "1068000000",
            "ebitda": "1330000000",
            "netIncome": "795000000"
        },
        {
            "fiscalDateEnding": "2022-12-31",
            "reportedCurrency": "USD",
            "grossProfit": "1850000000",
            "totalRevenue": "2862000000",
            "costOfRevenue": "1012000000",
            "costofGoodsAndServicesSold": "1012000000",
            "operatingIncome": "716000000",
            "sellingGeneralAndAdministrative": "941000000",
            "researchAndDevelopment": "None",
            "operatingExpenses": "1240000000",
            "investmentIncomeNet": "None",
            "netInterestIncome": "-86000000",
            "interestIncome": "None",
            "interestExpense": "86000000",
            "nonInterestIncome": "2945000000",
            "otherNonOperatingIncome": "-16000000",
            "depreciation": "15000000",
            "depreciationAndAmortization": "260000000",
            "incomeBeforeTax": "560000000",
            "incomeTaxExpense": "127000000",
            "interestAndDebtExpense": "297000000",
            "netIncomeFromContinuingOperations": "220000000",
            "comprehensiveIncomeNetOfTax": "585000000",
            "ebit": "716000000",
            "ebitda": "976000000",
            "netIncome": "433000000"
        },
        {
            "fiscalDateEnding": "2022-09-30",
            "reportedCurrency": "USD",
            "grossProfit": "1799000000",
            "totalRevenue": "2793000000",
            "costOfRevenue": "994000000",
            "costofGoodsAndServicesSold": "994000000",
            "operatingIncome": "853000000",
            "sellingGeneralAndAdministrative": "720000000",
            "researchAndDevelopment": "None",
            "operatingExpenses": "1062000000",
            "investmentIncomeNet": "30000000",
            "netInterestIncome": "-71000000",
            "interestIncome": "None",
            "interestExpense": "71000000",
            "nonInterestIncome": "2863000000",
            "otherNonOperatingIncome": "37000000",
            "depreciation": "31000000",
            "depreciationAndAmortization": "267000000",
            "incomeBeforeTax": "753000000",
            "incomeTaxExpense": "145000000",
            "interestAndDebtExpense": "-4000000",
            "netIncomeFromContinuingOperations": "678000000",
            "comprehensiveIncomeNetOfTax": "381000000",
            "ebit": "853000000",
            "ebitda": "1120000000",
            "netIncome": "608000000"
        },
        {
            "fiscalDateEnding": "2022-06-30",
            "reportedCurrency": "USD",
            "grossProfit": "2447000000",
            "totalRevenue": "3458000000",
            "costOfRevenue": "1011000000",
            "costofGoodsAndServicesSold": "1011000000",
            "operatingIncome": "1482000000",
            "sellingGeneralAndAdministrative": "764000000",
            "researchAndDevelopment": "None",
            "operatingExpenses": "495000000",
            "investmentIncomeNet": "-6000000",
            "netInterestIncome": "-90000000",
            "interestIncome": "None",
            "interestExpense": "90000000",
            "nonInterestIncome": "3547000000",
            "otherNonOperatingIncome": "1000000",
            "depreciation": "36000000",
            "depreciationAndAmortization": "267000000",
            "incomeBeforeTax": "1312000000",
            "incomeTaxExpense": "340000000",
            "interestAndDebtExpense": "2000000",
            "netIncomeFromContinuingOperations": "1051000000",
            "comprehensiveIncomeNetOfTax": "943000000",
            "ebit": "1482000000",
            "ebitda": "1749000000",
            "netIncome": "972000000"
        },
        {
            "fiscalDateEnding": "2022-03-31",
            "reportedCurrency": "USD",
            "grossProfit": "2911000000",
            "totalRevenue": "3660000000",
            "costOfRevenue": "749000000",
            "costofGoodsAndServicesSold": "749000000",
            "operatingIncome": "1892000000",
            "sellingGeneralAndAdministrative": "958000000",
            "researchAndDevelopment": "None",
            "operatingExpenses": "-282000000",
            "investmentIncomeNet": "45000000",
            "netInterestIncome": "-57000000",
            "interestIncome": "None",
            "interestExpense": "57000000",
            "nonInterestIncome": "3716000000",
            "otherNonOperatingIncome": "49000000",
            "depreciation": "26000000",
            "depreciationAndAmortization": "111000000",
            "incomeBeforeTax": "1803000000",
            "incomeTaxExpense": "568000000",
            "interestAndDebtExpense": "17000000",
            "netIncomeFromContinuingOperations": "1299000000",
            "comprehensiveIncomeNetOfTax": "1294000000",
            "ebit": "1892000000",
            "ebitda": "2003000000",
            "netIncome": "1235000000"
        },
        {
            "fiscalDateEnding": "2021-12-31",
            "reportedCurrency": "USD",
            "grossProfit": "1478000000",
            "totalRevenue": "2070000000",
            "costOfRevenue": "597000000",
            "costofGoodsAndServicesSold": "592000000",
            "operatingIncome": "904000000",
            "sellingGeneralAndAdministrative": "552000000",
            "researchAndDevelopment": "None",
            "operatingExpenses": "598000000",
            "investmentIncomeNet": "None",
            "netInterestIncome": "-25000000",
            "interestIncome": "None",
            "interestExpense": "25000000",
            "nonInterestIncome": "2094000000",
            "otherNonOperatingIncome": "11000000",
            "depreciation": "19000000",
            "depreciationAndAmortization": "22000000",
            "incomeBeforeTax": "829000000",
            "incomeTaxExpense": "154000000",
            "interestAndDebtExpense": "119000000",
            "netIncomeFromContinuingOperations": "497000000",
            "comprehensiveIncomeNetOfTax": "584000000",
            "ebit": "904000000",
            "ebitda": "926000000",
            "netIncome": "675000000"
        },
        {
            "fiscalDateEnding": "2021-09-30",
            "reportedCurrency": "USD",
            "grossProfit": "1516000000",
            "totalRevenue": "2059000000",
            "costOfRevenue": "543000000",
            "costofGoodsAndServicesSold": "543000000",
            "operatingIncome": "1083000000",
            "sellingGeneralAndAdministrative": "423000000",
            "researchAndDevelopment": "None",
            "operatingExpenses": "441000000",
            "investmentIncomeNet": "11000000",
            "netInterestIncome": "-31000000",
            "interestIncome": "None",
            "interestExpense": "31000000",
            "nonInterestIncome": "2090000000",
            "otherNonOperatingIncome": "22000000",
            "depreciation": "20000000",
            "depreciationAndAmortization": "21000000",
            "incomeBeforeTax": "1010000000",
            "incomeTaxExpense": "213000000",
            "interestAndDebtExpense": "0",
            "netIncomeFromContinuingOperations": "861000000",
            "comprehensiveIncomeNetOfTax": "811000000",
            "ebit": "1083000000",
            "ebitda": "1104000000",
            "netIncome": "797000000"
        },
        {
            "fiscalDateEnding": "2021-06-30",
            "reportedCurrency": "USD",
            "grossProfit": "1542000000",
            "totalRevenue": "2075000000",
            "costOfRevenue": "533000000",
            "costofGoodsAndServicesSold": "533000000",
            "operatingIncome": "1154000000",
            "sellingGeneralAndAdministrative": "374000000",
            "researchAndDevelopment": "None",
            "operatingExpenses": "399000000",
            "investmentIncomeNet": "11000000",
            "netInterestIncome": "-32000000",
            "interestIncome": "None",
            "interestExpense": "32000000",
            "nonInterestIncome": "2106000000",
            "otherNonOperatingIncome": "22000000",
            "depreciation": "23000000",
            "depreciationAndAmortization": "22000000",
            "incomeBeforeTax": "1085000000",
            "incomeTaxExpense": "287000000",
            "interestAndDebtExpense": "0",
            "netIncomeFromContinuingOperations": "857000000",
            "comprehensiveIncomeNetOfTax": "682000000",
            "ebit": "1154000000",
            "ebitda": "1176000000",
            "netIncome": "798000000"
        },
        {
            "fiscalDateEnding": "2021-03-31",
            "reportedCurrency": "USD",
            "grossProfit": "1460000000",
            "totalRevenue": "1987000000",
            "costOfRevenue": "527000000",
            "costofGoodsAndServicesSold": "527000000",
            "operatingIncome": "1081000000",
            "sellingGeneralAndAdministrative": "360000000",
            "researchAndDevelopment": "None",
            "operatingExpenses": "399000000",
            "investmentIncomeNet": "-4000000",
            "netInterestIncome": "-32000000",
            "interestIncome": "None",
            "interestExpense": "32000000",
            "nonInterestIncome": "2018000000",
            "otherNonOperatingIncome": "7000000",
            "depreciation": "19000000",
            "depreciationAndAmortization": "31000000",
            "incomeBeforeTax": "1003000000",
            "incomeTaxExpense": "248000000",
            "interestAndDebtExpense": "0",
            "netIncomeFromContinuingOperations": "808000000",
            "comprehensiveIncomeNetOfTax": "744000000",
            "ebit": "1081000000",
            "ebitda": "1112000000",
            "netIncome": "755000000"
        },
        {
            "fiscalDateEnding": "2020-12-31",
            "reportedCurrency": "USD",
            "grossProfit": "1867000000",
            "totalRevenue": "1867000000",
            "costOfRevenue": "566000000",
            "costofGoodsAndServicesSold": "559000000",
            "operatingIncome": "656000000",
            "sellingGeneralAndAdministrative": "592000000",
            "researchAndDevelopment": "None",
            "operatingExpenses": "749000000",
            "investmentIncomeNet": "None",
            "netInterestIncome": "-32000000",
            "interestIncome": "None",
            "interestExpense": "32000000",
            "nonInterestIncome": "1867000000",
            "otherNonOperatingIncome": "15000000",
            "depreciation": "23000000",
            "depreciationAndAmortization": "29000000",
            "incomeBeforeTax": "589000000",
            "incomeTaxExpense": "135000000",
            "interestAndDebtExpense": "141000000",
            "netIncomeFromContinuingOperations": "656000000",
            "comprehensiveIncomeNetOfTax": "494000000",
            "ebit": "656000000",
            "ebitda": "685000000",
            "netIncome": "454000000"
        },
        {
            "fiscalDateEnding": "2020-09-30",
            "reportedCurrency": "USD",
            "grossProfit": "1021000000",
            "totalRevenue": "1540000000",
            "costOfRevenue": "517000000",
            "costofGoodsAndServicesSold": "519000000",
            "operatingIncome": "944000000",
            "sellingGeneralAndAdministrative": "341000000",
            "researchAndDevelopment": "None",
            "operatingExpenses": "363000000",
            "investmentIncomeNet": "None",
            "netInterestIncome": "-35000000",
            "interestIncome": "None",
            "interestExpense": "35000000",
            "nonInterestIncome": "1575000000",
            "otherNonOperatingIncome": "6000000",
            "depreciation": "20000000",
            "depreciationAndAmortization": "32000000",
            "incomeBeforeTax": "593000000",
            "incomeTaxExpense": "138000000",
            "interestAndDebtExpense": "279000000",
            "netIncomeFromContinuingOperations": "498000000",
            "comprehensiveIncomeNetOfTax": "482000000",
            "ebit": "944000000",
            "ebitda": "976000000",
            "netIncome": "455000000"
        },
        {
            "fiscalDateEnding": "2020-06-30",
            "reportedCurrency": "USD",
            "grossProfit": "1412000000",
            "totalRevenue": "1905000000",
            "costOfRevenue": "493000000",
            "costofGoodsAndServicesSold": "493000000",
            "operatingIncome": "1105000000",
            "sellingGeneralAndAdministrative": "295000000",
            "researchAndDevelopment": "None",
            "operatingExpenses": "326000000",
            "investmentIncomeNet": "None",
            "netInterestIncome": "-40000000",
            "interestIncome": "None",
            "interestExpense": "40000000",
            "nonInterestIncome": "1944000000",
            "otherNonOperatingIncome": "10000000",
            "depreciation": "19000000",
            "depreciationAndAmortization": "32000000",
            "incomeBeforeTax": "1025000000",
            "incomeTaxExpense": "233000000",
            "interestAndDebtExpense": "None",
            "netIncomeFromContinuingOperations": "842000000",
            "comprehensiveIncomeNetOfTax": "748000000",
            "ebit": "1105000000",
            "ebitda": "1137000000",
            "netIncome": "792000000"
        },
        {
            "fiscalDateEnding": "2020-03-31",
            "reportedCurrency": "USD",
            "grossProfit": "1242000000",
            "totalRevenue": "1763000000",
            "costOfRevenue": "518000000",
            "costofGoodsAndServicesSold": "521000000",
            "operatingIncome": "912000000",
            "sellingGeneralAndAdministrative": "314000000",
            "researchAndDevelopment": "None",
            "operatingExpenses": "343000000",
            "investmentIncomeNet": "None",
            "netInterestIncome": "-34000000",
            "interestIncome": "44000000",
            "interestExpense": "34000000",
            "nonInterestIncome": "1793000000",
            "otherNonOperatingIncome": "-1000000",
            "depreciation": "20000000",
            "depreciationAndAmortization": "29000000",
            "incomeBeforeTax": "827000000",
            "incomeTaxExpense": "188000000",
            "interestAndDebtExpense": "None",
            "netIncomeFromContinuingOperations": "689000000",
            "comprehensiveIncomeNetOfTax": "603000000",
            "ebit": "912000000",
            "ebitda": "941000000",
            "netIncome": "639000000"
        },
        {
            "fiscalDateEnding": "2019-12-31",
            "reportedCurrency": "USD",
            "grossProfit": "1735000000",
            "totalRevenue": "1735000000",
            "costOfRevenue": "516000000",
            "costofGoodsAndServicesSold": "464000000",
            "operatingIncome": "818000000",
            "sellingGeneralAndAdministrative": "350000000",
            "researchAndDevelopment": "None",
            "operatingExpenses": "2347000000",
            "investmentIncomeNet": "None",
            "netInterestIncome": "-93000000",
            "interestIncome": "96000000",
            "interestExpense": "93000000",
            "nonInterestIncome": "1735000000",
            "otherNonOperatingIncome": "6000000",
            "depreciation": "21000000",
            "depreciationAndAmortization": "30000000",
            "incomeBeforeTax": "686000000",
            "incomeTaxExpense": "145000000",
            "interestAndDebtExpense": "198000000",
            "netIncomeFromContinuingOperations": "818000000",
            "comprehensiveIncomeNetOfTax": "601000000",
            "ebit": "818000000",
            "ebitda": "848000000",
            "netIncome": "541000000"
        },
        {
            "fiscalDateEnding": "2019-09-30",
            "reportedCurrency": "USD",
            "grossProfit": "1272000000",
            "totalRevenue": "1710000000",
            "costOfRevenue": "480000000",
            "costofGoodsAndServicesSold": "438000000",
            "operatingIncome": "891000000",
            "sellingGeneralAndAdministrative": "318000000",
            "researchAndDevelopment": "None",
            "operatingExpenses": "340000000",
            "investmentIncomeNet": "None",
            "netInterestIncome": "-32000000",
            "interestIncome": "48000000",
            "interestExpense": "32000000",
            "nonInterestIncome": "1738000000",
            "otherNonOperatingIncome": "-8000000",
            "depreciation": "20000000",
            "depreciationAndAmortization": "29000000",
            "incomeBeforeTax": "806000000",
            "incomeTaxExpense": "189000000",
            "interestAndDebtExpense": "0",
            "netIncomeFromContinuingOperations": "662000000",
            "comprehensiveIncomeNetOfTax": "583000000",
            "ebit": "891000000",
            "ebitda": "920000000",
            "netIncome": "617000000"
        },
        {
            "fiscalDateEnding": "2019-06-30",
            "reportedCurrency": "USD",
            "grossProfit": "1219000000",
            "totalRevenue": "1671000000",
            "costOfRevenue": "471000000",
            "costofGoodsAndServicesSold": "452000000",
            "operatingIncome": "813000000",
            "sellingGeneralAndAdministrative": "368000000",
            "researchAndDevelopment": "None",
            "operatingExpenses": "418000000",
            "investmentIncomeNet": "None",
            "netInterestIncome": "-37000000",
            "interestIncome": "38000000",
            "interestExpense": "37000000",
            "nonInterestIncome": "1704000000",
            "otherNonOperatingIncome": "6000000",
            "depreciation": "21000000",
            "depreciationAndAmortization": "31000000",
            "incomeBeforeTax": "735000000",
            "incomeTaxExpense": "180000000",
            "interestAndDebtExpense": "None",
            "netIncomeFromContinuingOperations": "602000000",
            "comprehensiveIncomeNetOfTax": "537000000",
            "ebit": "813000000",
            "ebitda": "844000000",
            "netIncome": "555000000"
        },
        {
            "fiscalDateEnding": "2019-03-31",
            "reportedCurrency": "USD",
            "grossProfit": "1096000000",
            "totalRevenue": "1535000000",
            "costOfRevenue": "473000000",
            "costofGoodsAndServicesSold": "866000000",
            "operatingIncome": "705000000",
            "sellingGeneralAndAdministrative": "341000000",
            "researchAndDevelopment": "None",
            "operatingExpenses": "414000000",
            "investmentIncomeNet": "None",
            "netInterestIncome": "-36000000",
            "interestIncome": "None",
            "interestExpense": "36000000",
            "nonInterestIncome": "1571000000",
            "otherNonOperatingIncome": "-103000000",
            "depreciation": "20000000",
            "depreciationAndAmortization": "32000000",
            "incomeBeforeTax": "523000000",
            "incomeTaxExpense": "113000000",
            "interestAndDebtExpense": "None",
            "netIncomeFromContinuingOperations": "453000000",
            "comprehensiveIncomeNetOfTax": "519000000",
            "ebit": "705000000",
            "ebitda": "737000000",
            "netIncome": "410000000"
        },
        {
            "fiscalDateEnding": "2018-12-31",
            "reportedCurrency": "USD",
            "grossProfit": "1536000000",
            "totalRevenue": "1536000000",
            "costOfRevenue": "551000000",
            "costofGoodsAndServicesSold": "832000000",
            "operatingIncome": "704000000",
            "sellingGeneralAndAdministrative": "227000000",
            "researchAndDevelopment": "None",
            "operatingExpenses": "2107000000",
            "investmentIncomeNet": "None",
            "netInterestIncome": "-36000000",
            "interestIncome": "None",
            "interestExpense": "36000000",
            "nonInterestIncome": "1536000000",
            "otherNonOperatingIncome": "3000000",
            "depreciation": "24000000",
            "depreciationAndAmortization": "-29000000",
            "incomeBeforeTax": "632000000",
            "incomeTaxExpense": "120000000",
            "interestAndDebtExpense": "None",
            "netIncomeFromContinuingOperations": "704000000",
            "comprehensiveIncomeNetOfTax": "472000000",
            "ebit": "704000000",
            "ebitda": "675000000",
            "netIncome": "512000000"
        },
        {
            "fiscalDateEnding": "2018-09-30",
            "reportedCurrency": "USD",
            "grossProfit": "2648000000",
            "totalRevenue": "3054000000",
            "costOfRevenue": "410000000",
            "costofGoodsAndServicesSold": "842000000",
            "operatingIncome": "704000000",
            "sellingGeneralAndAdministrative": "379000000",
            "researchAndDevelopment": "None",
            "operatingExpenses": "436000000",
            "investmentIncomeNet": "None",
            "netInterestIncome": "-38000000",
            "interestIncome": "None",
            "interestExpense": "38000000",
            "nonInterestIncome": "3092000000",
            "otherNonOperatingIncome": "6000000",
            "depreciation": "20000000",
            "depreciationAndAmortization": "53000000",
            "incomeBeforeTax": "632000000",
            "incomeTaxExpense": "137000000",
            "interestAndDebtExpense": "None",
            "netIncomeFromContinuingOperations": "535000000",
            "comprehensiveIncomeNetOfTax": "497000000",
            "ebit": "704000000",
            "ebitda": "757000000",
            "netIncome": "495000000"
        },
        {
            "fiscalDateEnding": "2018-06-30",
            "reportedCurrency": "USD",
            "grossProfit": "2746000000",
            "totalRevenue": "3192000000",
            "costOfRevenue": "441000000",
            "costofGoodsAndServicesSold": "446000000",
            "operatingIncome": "672000000",
            "sellingGeneralAndAdministrative": "444000000",
            "researchAndDevelopment": "None",
            "operatingExpenses": "491000000",
            "investmentIncomeNet": "None",
            "netInterestIncome": "-26000000",
            "interestIncome": "None",
            "interestExpense": "26000000",
            "nonInterestIncome": "3218000000",
            "otherNonOperatingIncome": "11000000",
            "depreciation": "19000000",
            "depreciationAndAmortization": "52000000",
            "incomeBeforeTax": "617000000",
            "incomeTaxExpense": "156000000",
            "interestAndDebtExpense": "None",
            "netIncomeFromContinuingOperations": "501000000",
            "comprehensiveIncomeNetOfTax": "385000000",
            "ebit": "672000000",
            "ebitda": "724000000",
            "netIncome": "461000000"
        }
    ]
}