{
    "symbol": "STZ",
    "annualReports": [
        {
            "fiscalDateEnding": "2022-02-28",
            "reportedCurrency": "USD",
            "grossProfit": "4707300000",
            "totalRevenue": "18413100000",
            "costOfRevenue": "5835700000",
            "costofGoodsAndServicesSold": "4113400000",
            "operatingIncome": "2331700000",
            "sellingGeneralAndAdministrative": "1711400000",
            "researchAndDevelopment": "None",
            "operatingExpenses": "1722300000",
            "investmentIncomeNet": "-1635500000",
            "netInterestIncome": "-500000",
            "interestIncome": "1991900000",
            "interestExpense": "500000",
            "nonInterestIncome": "18413600000",
            "otherNonOperatingIncome": "-1664900000",
            "depreciation": "337300000",
            "depreciationAndAmortization": "10900000",
            "incomeBeforeTax": "269000000",
            "incomeTaxExpense": "309400000",
            "interestAndDebtExpense": "29900000",
            "netIncomeFromContinuingOperations": "1000000",
            "comprehensiveIncomeNetOfTax": "-117600000",
            "ebit": "2331700000",
            "ebitda": "280400000",
            "netIncome": "-40400000"
        },
        {
            "fiscalDateEnding": "2021-02-28",
            "reportedCurrency": "USD",
            "grossProfit": "4466000000",
            "totalRevenue": "17933500000",
            "costOfRevenue": "5830300000",
            "costofGoodsAndServicesSold": "4148900000",
            "operatingIncome": "2791100000",
            "sellingGeneralAndAdministrative": "1665100000",
            "researchAndDevelopment": "None",
            "operatingExpenses": "1681400000",
            "investmentIncomeNet": "150300000",
            "netInterestIncome": "-32000000",
            "interestIncome": "235400000",
            "interestExpense": "32000000",
            "nonInterestIncome": "17965500000",
            "otherNonOperatingIncome": "137500000",
            "depreciation": "293800000",
            "depreciationAndAmortization": "16300000",
            "incomeBeforeTax": "2509100000",
            "incomeTaxExpense": "511100000",
            "interestAndDebtExpense": "44800000",
            "netIncomeFromContinuingOperations": "2031800000",
            "comprehensiveIncomeNetOfTax": "1928800000",
            "ebit": "2791100000",
            "ebitda": "2557400000",
            "netIncome": "1998000000"
        },
        {
            "fiscalDateEnding": "2020-02-29",
            "reportedCurrency": "USD",
            "grossProfit": "4151900000",
            "totalRevenue": "17359400000",
            "costOfRevenue": "5831300000",
            "costofGoodsAndServicesSold": "4191600000",
            "operatingIncome": "2154500000",
            "sellingGeneralAndAdministrative": "1621800000",
            "researchAndDevelopment": "None",
            "operatingExpenses": "1639700000",
            "investmentIncomeNet": "-2668600000",
            "netInterestIncome": "-37900000",
            "interestIncome": "3097300000",
            "interestExpense": "37900000",
            "nonInterestIncome": "17397300000",
            "otherNonOperatingIncome": "-2671000000",
            "depreciation": "326500000",
            "depreciationAndAmortization": "17900000",
            "incomeBeforeTax": "-978400000",
            "incomeTaxExpense": "-966600000",
            "interestAndDebtExpense": "40300000",
            "netIncomeFromContinuingOperations": "21400000",
            "comprehensiveIncomeNetOfTax": "75800000",
            "ebit": "2154500000",
            "ebitda": "-922600000",
            "netIncome": "-11800000"
        },
        {
            "fiscalDateEnding": "2019-02-28",
            "reportedCurrency": "USD",
            "grossProfit": "4080300000",
            "totalRevenue": "16595500000",
            "costOfRevenue": "5709800000",
            "costofGoodsAndServicesSold": "4035700000",
            "operatingIncome": "2412200000",
            "sellingGeneralAndAdministrative": "1668100000",
            "researchAndDevelopment": "None",
            "operatingExpenses": "1674100000",
            "investmentIncomeNet": "2101600000",
            "netInterestIncome": "-379100000",
            "interestIncome": "1734500000",
            "interestExpense": "379100000",
            "nonInterestIncome": "16974600000",
            "otherNonOperatingIncome": "2099900000",
            "depreciation": "333100000",
            "depreciationAndAmortization": "6000000",
            "incomeBeforeTax": "4121800000",
            "incomeTaxExpense": "685900000",
            "interestAndDebtExpense": "380800000",
            "netIncomeFromContinuingOperations": "3459100000",
            "comprehensiveIncomeNetOfTax": "3284900000",
            "ebit": "4500900000",
            "ebitda": "4506900000",
            "netIncome": "3435900000"
        },
        {
            "fiscalDateEnding": "2018-02-28",
            "reportedCurrency": "USD",
            "grossProfit": "3812500000",
            "totalRevenue": "7909000000",
            "costOfRevenue": "5306400000",
            "costofGoodsAndServicesSold": "3767800000",
            "operatingIncome": "2279800000",
            "sellingGeneralAndAdministrative": "1532700000",
            "researchAndDevelopment": "None",
            "operatingExpenses": "1538600000",
            "investmentIncomeNet": "487200000",
            "netInterestIncome": "-334300000",
            "interestIncome": "155200000",
            "interestExpense": "334300000",
            "nonInterestIncome": "-83500000",
            "otherNonOperatingIncome": "487200000",
            "depreciation": "293800000",
            "depreciationAndAmortization": "5900000",
            "incomeBeforeTax": "2326100000",
            "incomeTaxExpense": "22700000",
            "interestAndDebtExpense": "431300000",
            "netIncomeFromContinuingOperations": "2330800000",
            "comprehensiveIncomeNetOfTax": "2500300000",
            "ebit": "2660400000",
            "ebitda": "2666300000",
            "netIncome": "2303400000"
        }
    ],
    "quarterlyReports": [
        {
            "fiscalDateEnding": "2022-11-30",
            "reportedCurrency": "USD",
            "grossProfit": "1226900000",
            "totalRevenue": "5044000000",
            "costOfRevenue": "1689800000",
            "costofGoodsAndServicesSold": "1209600000",
            "operatingIncome": "746700000",
            "sellingGeneralAndAdministrative": "480200000",
            "researchAndDevelopment": "None",
            "operatingExpenses": "480200000",
            "investmentIncomeNet": "-37200000",
            "netInterestIncome": "-98700000",
            "interestIncome": "135900000",
            "interestExpense": "98700000",
            "nonInterestIncome": "5044000000",
            "otherNonOperatingIncome": "-37200000",
            "depreciation": "94900000",
            "depreciationAndAmortization": "94900000",
            "incomeBeforeTax": "598800000",
            "incomeTaxExpense": "131100000",
            "interestAndDebtExpense": "0",
            "netIncomeFromContinuingOperations": "479700000",
            "comprehensiveIncomeNetOfTax": "622200000",
            "ebit": "746700000",
            "ebitda": "792400000",
            "netIncome": "467700000"
        },
        {
            "fiscalDateEnding": "2022-08-31",
            "reportedCurrency": "USD",
            "grossProfit": "1325900000",
            "totalRevenue": "5487200000",
            "costOfRevenue": "1842000000",
            "costofGoodsAndServicesSold": "1329200000",
            "operatingIncome": "813100000",
            "sellingGeneralAndAdministrative": "512800000",
            "researchAndDevelopment": "None",
            "operatingExpenses": "512800000",
            "investmentIncomeNet": "-1719100000",
            "netInterestIncome": "-94300000",
            "interestIncome": "1813400000",
            "interestExpense": "94300000",
            "nonInterestIncome": "5487200000",
            "otherNonOperatingIncome": "-1727100000",
            "depreciation": "90800000",
            "depreciationAndAmortization": "90800000",
            "incomeBeforeTax": "-1018800000",
            "incomeTaxExpense": "132400000",
            "interestAndDebtExpense": "8000000",
            "netIncomeFromContinuingOperations": "-1140700000",
            "comprehensiveIncomeNetOfTax": "-1340300000",
            "ebit": "813100000",
            "ebitda": "-833700000",
            "netIncome": "-1151200000"
        },
        {
            "fiscalDateEnding": "2022-05-31",
            "reportedCurrency": "USD",
            "grossProfit": "1255000000",
            "totalRevenue": "4943300000",
            "costOfRevenue": "1546800000",
            "costofGoodsAndServicesSold": "1108200000",
            "operatingIncome": "816400000",
            "sellingGeneralAndAdministrative": "438600000",
            "researchAndDevelopment": "None",
            "operatingExpenses": "438600000",
            "investmentIncomeNet": "-187900000",
            "netInterestIncome": "-88500000",
            "interestIncome": "276400000",
            "interestExpense": "88500000",
            "nonInterestIncome": "4943300000",
            "otherNonOperatingIncome": "None",
            "depreciation": "92700000",
            "depreciationAndAmortization": "92700000",
            "incomeBeforeTax": "514900000",
            "incomeTaxExpense": "125400000",
            "interestAndDebtExpense": "15300000",
            "netIncomeFromContinuingOperations": "399300000",
            "comprehensiveIncomeNetOfTax": "635900000",
            "ebit": "816400000",
            "ebitda": "696100000",
            "netIncome": "389500000"
        },
        {
            "fiscalDateEnding": "2022-02-28",
            "reportedCurrency": "USD",
            "grossProfit": "1132600000",
            "totalRevenue": "2102500000",
            "costOfRevenue": "1437600000",
            "costofGoodsAndServicesSold": "969900000",
            "operatingIncome": "677500000",
            "sellingGeneralAndAdministrative": "456800000",
            "researchAndDevelopment": "None",
            "operatingExpenses": "467700000",
            "investmentIncomeNet": "-93700000",
            "netInterestIncome": "-85900000",
            "interestIncome": "179600000",
            "interestExpense": "85900000",
            "nonInterestIncome": "2102500000",
            "otherNonOperatingIncome": "-93700000",
            "depreciation": "88700000",
            "depreciationAndAmortization": "88700000",
            "incomeBeforeTax": "487700000",
            "incomeTaxExpense": "92300000",
            "interestAndDebtExpense": "500000",
            "netIncomeFromContinuingOperations": "1132600000",
            "comprehensiveIncomeNetOfTax": "605800000",
            "ebit": "677500000",
            "ebitda": "662300000",
            "netIncome": "395400000"
        },
        {
            "fiscalDateEnding": "2021-11-30",
            "reportedCurrency": "USD",
            "grossProfit": "1225700000",
            "totalRevenue": "4816600000",
            "costOfRevenue": "1480700000",
            "costofGoodsAndServicesSold": "1094900000",
            "operatingIncome": "839900000",
            "sellingGeneralAndAdministrative": "385800000",
            "researchAndDevelopment": "None",
            "operatingExpenses": "385800000",
            "investmentIncomeNet": "-171800000",
            "netInterestIncome": "-88000000",
            "interestIncome": "259800000",
            "interestExpense": "88000000",
            "nonInterestIncome": "4816600000",
            "otherNonOperatingIncome": "-171800000",
            "depreciation": "86300000",
            "depreciationAndAmortization": "86300000",
            "incomeBeforeTax": "570100000",
            "incomeTaxExpense": "99300000",
            "interestAndDebtExpense": "0",
            "netIncomeFromContinuingOperations": "480800000",
            "comprehensiveIncomeNetOfTax": "138100000",
            "ebit": "839900000",
            "ebitda": "744400000",
            "netIncome": "470800000"
        },
        {
            "fiscalDateEnding": "2021-08-31",
            "reportedCurrency": "USD",
            "grossProfit": "1229700000",
            "totalRevenue": "4924500000",
            "costOfRevenue": "1631900000",
            "costofGoodsAndServicesSold": "1141400000",
            "operatingIncome": "739200000",
            "sellingGeneralAndAdministrative": "490500000",
            "researchAndDevelopment": "None",
            "operatingExpenses": "490500000",
            "investmentIncomeNet": "-470800000",
            "netInterestIncome": "-95800000",
            "interestIncome": "566600000",
            "interestExpense": "95800000",
            "nonInterestIncome": "4924500000",
            "otherNonOperatingIncome": "-500200000",
            "depreciation": "86300000",
            "depreciationAndAmortization": "86300000",
            "incomeBeforeTax": "132800000",
            "incomeTaxExpense": "131300000",
            "interestAndDebtExpense": "29400000",
            "netIncomeFromContinuingOperations": "11900000",
            "comprehensiveIncomeNetOfTax": "-52300000",
            "ebit": "739200000",
            "ebitda": "314900000",
            "netIncome": "1500000"
        },
        {
            "fiscalDateEnding": "2021-05-31",
            "reportedCurrency": "USD",
            "grossProfit": "1119300000",
            "totalRevenue": "4236700000",
            "costOfRevenue": "1285500000",
            "costofGoodsAndServicesSold": "907200000",
            "operatingIncome": "75100000",
            "sellingGeneralAndAdministrative": "378300000",
            "researchAndDevelopment": "None",
            "operatingExpenses": "378300000",
            "investmentIncomeNet": "-899200000",
            "netInterestIncome": "-86700000",
            "interestIncome": "985900000",
            "interestExpense": "86700000",
            "nonInterestIncome": "4236700000",
            "otherNonOperatingIncome": "-899200000",
            "depreciation": "76000000",
            "depreciationAndAmortization": "76000000",
            "incomeBeforeTax": "-921600000",
            "incomeTaxExpense": "-13500000",
            "interestAndDebtExpense": "0",
            "netIncomeFromContinuingOperations": "-897300000",
            "comprehensiveIncomeNetOfTax": "-809200000",
            "ebit": "75100000",
            "ebitda": "-758900000",
            "netIncome": "-908100000"
        },
        {
            "fiscalDateEnding": "2021-02-28",
            "reportedCurrency": "USD",
            "grossProfit": "993700000",
            "totalRevenue": "1953000000",
            "costOfRevenue": "1428900000",
            "costofGoodsAndServicesSold": "959300000",
            "operatingIncome": "559300000",
            "sellingGeneralAndAdministrative": "448600000",
            "researchAndDevelopment": "None",
            "operatingExpenses": "469600000",
            "investmentIncomeNet": "19800000",
            "netInterestIncome": "-89800000",
            "interestIncome": "70000000",
            "interestExpense": "89800000",
            "nonInterestIncome": "1953000000",
            "otherNonOperatingIncome": "15800000",
            "depreciation": "74600000",
            "depreciationAndAmortization": "74600000",
            "incomeBeforeTax": "477600000",
            "incomeTaxExpense": "94700000",
            "interestAndDebtExpense": "36000000",
            "netIncomeFromContinuingOperations": "993700000",
            "comprehensiveIncomeNetOfTax": "404800000",
            "ebit": "559300000",
            "ebitda": "642000000",
            "netIncome": "382900000"
        },
        {
            "fiscalDateEnding": "2020-11-30",
            "reportedCurrency": "USD",
            "grossProfit": "1268200000",
            "totalRevenue": "5091600000",
            "costOfRevenue": "1633700000",
            "costofGoodsAndServicesSold": "1169900000",
            "operatingIncome": "783100000",
            "sellingGeneralAndAdministrative": "464100000",
            "researchAndDevelopment": "None",
            "operatingExpenses": "463800000",
            "investmentIncomeNet": "782400000",
            "netInterestIncome": "-95700000",
            "interestIncome": "686700000",
            "interestExpense": "95700000",
            "nonInterestIncome": "5091600000",
            "otherNonOperatingIncome": "781200000",
            "depreciation": "76500000",
            "depreciationAndAmortization": "76500000",
            "incomeBeforeTax": "1457500000",
            "incomeTaxExpense": "176600000",
            "interestAndDebtExpense": "1200000",
            "netIncomeFromContinuingOperations": "1292000000",
            "comprehensiveIncomeNetOfTax": "1739000000",
            "ebit": "783100000",
            "ebitda": "1288200000",
            "netIncome": "1280900000"
        },
        {
            "fiscalDateEnding": "2020-08-31",
            "reportedCurrency": "USD",
            "grossProfit": "1215800000",
            "totalRevenue": "4742800000",
            "costOfRevenue": "1443700000",
            "costofGoodsAndServicesSold": "1044600000",
            "operatingIncome": "838700000",
            "sellingGeneralAndAdministrative": "399100000",
            "researchAndDevelopment": "None",
            "operatingExpenses": "399100000",
            "investmentIncomeNet": "-80700000",
            "netInterestIncome": "-100200000",
            "interestIncome": "180900000",
            "interestExpense": "100200000",
            "nonInterestIncome": "4742800000",
            "otherNonOperatingIncome": "-81300000",
            "depreciation": "71700000",
            "depreciationAndAmortization": "71700000",
            "incomeBeforeTax": "647500000",
            "incomeTaxExpense": "135400000",
            "interestAndDebtExpense": "600000",
            "netIncomeFromContinuingOperations": "521800000",
            "comprehensiveIncomeNetOfTax": "719000000",
            "ebit": "838700000",
            "ebitda": "819400000",
            "netIncome": "512100000"
        },
        {
            "fiscalDateEnding": "2020-05-31",
            "reportedCurrency": "USD",
            "grossProfit": "988300000",
            "totalRevenue": "4035400000",
            "costOfRevenue": "1328400000",
            "costofGoodsAndServicesSold": "975100000",
            "operatingIncome": "610000000",
            "sellingGeneralAndAdministrative": "353300000",
            "researchAndDevelopment": "None",
            "operatingExpenses": "353300000",
            "investmentIncomeNet": "-571200000",
            "netInterestIncome": "-100000000",
            "interestIncome": "671200000",
            "interestExpense": "100000000",
            "nonInterestIncome": "4035400000",
            "otherNonOperatingIncome": "-578200000",
            "depreciation": "71000000",
            "depreciationAndAmortization": "71000000",
            "incomeBeforeTax": "-73500000",
            "incomeTaxExpense": "104400000",
            "interestAndDebtExpense": "7000000",
            "netIncomeFromContinuingOperations": "-172600000",
            "comprehensiveIncomeNetOfTax": "-934000000",
            "ebit": "610000000",
            "ebitda": "97500000",
            "netIncome": "-177900000"
        },
        {
            "fiscalDateEnding": "2020-02-29",
            "reportedCurrency": "USD",
            "grossProfit": "949800000",
            "totalRevenue": "1902900000",
            "costOfRevenue": "1332300000",
            "costofGoodsAndServicesSold": "953100000",
            "operatingIncome": "545100000",
            "sellingGeneralAndAdministrative": "370100000",
            "researchAndDevelopment": "None",
            "operatingExpenses": "379200000",
            "investmentIncomeNet": "43200000",
            "netInterestIncome": "305200000",
            "interestIncome": "56200000",
            "interestExpense": "-305200000",
            "nonInterestIncome": "1902900000",
            "otherNonOperatingIncome": "43200000",
            "depreciation": "77600000",
            "depreciationAndAmortization": "9100000",
            "incomeBeforeTax": "478300000",
            "incomeTaxExpense": "79900000",
            "interestAndDebtExpense": "-305200000",
            "netIncomeFromContinuingOperations": "949800000",
            "comprehensiveIncomeNetOfTax": "515900000",
            "ebit": "545100000",
            "ebitda": "182200000",
            "netIncome": "398400000"
        },
        {
            "fiscalDateEnding": "2019-11-30",
            "reportedCurrency": "USD",
            "grossProfit": "987500000",
            "totalRevenue": "4077800000",
            "costOfRevenue": "1421400000",
            "costofGoodsAndServicesSold": "1011900000",
            "operatingIncome": "267200000",
            "sellingGeneralAndAdministrative": "406300000",
            "researchAndDevelopment": "None",
            "operatingExpenses": "409500000",
            "investmentIncomeNet": "-456500000",
            "netInterestIncome": "-107700000",
            "interestIncome": "559600000",
            "interestExpense": "107700000",
            "nonInterestIncome": "4185500000",
            "otherNonOperatingIncome": "-456500000",
            "depreciation": "79800000",
            "depreciationAndAmortization": "3200000",
            "incomeBeforeTax": "-298500000",
            "incomeTaxExpense": "-658900000",
            "interestAndDebtExpense": "107700000",
            "netIncomeFromContinuingOperations": "366500000",
            "comprehensiveIncomeNetOfTax": "453200000",
            "ebit": "-190800000",
            "ebitda": "-187600000",
            "netIncome": "360400000"
        },
        {
            "fiscalDateEnding": "2019-08-31",
            "reportedCurrency": "USD",
            "grossProfit": "1185900000",
            "totalRevenue": "4782500000",
            "costOfRevenue": "1624500000",
            "costofGoodsAndServicesSold": "1158100000",
            "operatingIncome": "719500000",
            "sellingGeneralAndAdministrative": "439400000",
            "researchAndDevelopment": "None",
            "operatingExpenses": "466400000",
            "investmentIncomeNet": "-1324700000",
            "netInterestIncome": "-116500000",
            "interestIncome": "1436300000",
            "interestExpense": "116500000",
            "nonInterestIncome": "4899000000",
            "otherNonOperatingIncome": "-1327100000",
            "depreciation": "82500000",
            "depreciationAndAmortization": "82500000",
            "incomeBeforeTax": "-727400000",
            "incomeTaxExpense": "-202200000",
            "interestAndDebtExpense": "118900000",
            "netIncomeFromContinuingOperations": "-517000000",
            "comprehensiveIncomeNetOfTax": "-646300000",
            "ebit": "-610900000",
            "ebitda": "-533300000",
            "netIncome": "-525200000"
        },
        {
            "fiscalDateEnding": "2019-05-31",
            "reportedCurrency": "USD",
            "grossProfit": "1028700000",
            "totalRevenue": "4241100000",
            "costOfRevenue": "1474500000",
            "costofGoodsAndServicesSold": "1068500000",
            "operatingIncome": "622700000",
            "sellingGeneralAndAdministrative": "406000000",
            "researchAndDevelopment": "None",
            "operatingExpenses": "406000000",
            "investmentIncomeNet": "-930600000",
            "netInterestIncome": "-118900000",
            "interestIncome": "1045200000",
            "interestExpense": "118900000",
            "nonInterestIncome": "4360000000",
            "otherNonOperatingIncome": "-930600000",
            "depreciation": "86600000",
            "depreciationAndAmortization": "86600000",
            "incomeBeforeTax": "-430800000",
            "incomeTaxExpense": "-185400000",
            "interestAndDebtExpense": "118900000",
            "netIncomeFromContinuingOperations": "-237100000",
            "comprehensiveIncomeNetOfTax": "-247000000",
            "ebit": "-311900000",
            "ebitda": "-229600000",
            "netIncome": "-245400000"
        },
        {
            "fiscalDateEnding": "2019-02-28",
            "reportedCurrency": "USD",
            "grossProfit": "893500000",
            "totalRevenue": "1797200000",
            "costOfRevenue": "1337900000",
            "costofGoodsAndServicesSold": "903700000",
            "operatingIncome": "465300000",
            "sellingGeneralAndAdministrative": "428200000",
            "researchAndDevelopment": "None",
            "operatingExpenses": "434200000",
            "investmentIncomeNet": "1183400000",
            "netInterestIncome": "-122600000",
            "interestIncome": "None",
            "interestExpense": "122600000",
            "nonInterestIncome": "1797200000",
            "otherNonOperatingIncome": "1183400000",
            "depreciation": "83000000",
            "depreciationAndAmortization": "78500000",
            "incomeBeforeTax": "1520300000",
            "incomeTaxExpense": "280800000",
            "interestAndDebtExpense": "122600000",
            "netIncomeFromContinuingOperations": "843400000",
            "comprehensiveIncomeNetOfTax": "1391500000",
            "ebit": "1642900000",
            "ebitda": "1717300000",
            "netIncome": "1239500000"
        },
        {
            "fiscalDateEnding": "2018-11-30",
            "reportedCurrency": "USD",
            "grossProfit": "970000000",
            "totalRevenue": "4041500000",
            "costOfRevenue": "1416100000",
            "costofGoodsAndServicesSold": "1002600000",
            "operatingIncome": "556500000",
            "sellingGeneralAndAdministrative": "413500000",
            "researchAndDevelopment": "None",
            "operatingExpenses": "413500000",
            "investmentIncomeNet": "-134600000",
            "netInterestIncome": "-77200000",
            "interestIncome": "None",
            "interestExpense": "77200000",
            "nonInterestIncome": "4118700000",
            "otherNonOperatingIncome": "-136300000",
            "depreciation": "81300000",
            "depreciationAndAmortization": "85800000",
            "incomeBeforeTax": "338400000",
            "incomeTaxExpense": "35300000",
            "interestAndDebtExpense": "78900000",
            "netIncomeFromContinuingOperations": "312100000",
            "comprehensiveIncomeNetOfTax": "101800000",
            "ebit": "415600000",
            "ebitda": "497000000",
            "netIncome": "303100000"
        },
        {
            "fiscalDateEnding": "2018-08-31",
            "reportedCurrency": "USD",
            "grossProfit": "1168200000",
            "totalRevenue": "4704400000",
            "costOfRevenue": "1760700000",
            "costofGoodsAndServicesSold": "1130900000",
            "operatingIncome": "765000000",
            "sellingGeneralAndAdministrative": "403200000",
            "researchAndDevelopment": "None",
            "operatingExpenses": "403200000",
            "investmentIncomeNet": "688400000",
            "netInterestIncome": "-91100000",
            "interestIncome": "None",
            "interestExpense": "91100000",
            "nonInterestIncome": "4795500000",
            "otherNonOperatingIncome": "688400000",
            "depreciation": "84600000",
            "depreciationAndAmortization": "84600000",
            "incomeBeforeTax": "1363600000",
            "incomeTaxExpense": "214100000",
            "interestAndDebtExpense": "91100000",
            "netIncomeFromContinuingOperations": "1151300000",
            "comprehensiveIncomeNetOfTax": "1223500000",
            "ebit": "1454700000",
            "ebitda": "1536200000",
            "netIncome": "1149500000"
        },
        {
            "fiscalDateEnding": "2018-05-31",
            "reportedCurrency": "USD",
            "grossProfit": "1048600000",
            "totalRevenue": "4202400000",
            "costOfRevenue": "1604600000",
            "costofGoodsAndServicesSold": "998500000",
            "operatingIncome": "625400000",
            "sellingGeneralAndAdministrative": "423200000",
            "researchAndDevelopment": "None",
            "operatingExpenses": "423200000",
            "investmentIncomeNet": "364400000",
            "netInterestIncome": "-88200000",
            "interestIncome": "None",
            "interestExpense": "88200000",
            "nonInterestIncome": "4290600000",
            "otherNonOperatingIncome": "364400000",
            "depreciation": "84200000",
            "depreciationAndAmortization": "84200000",
            "incomeBeforeTax": "899500000",
            "incomeTaxExpense": "155700000",
            "interestAndDebtExpense": "88200000",
            "netIncomeFromContinuingOperations": "746300000",
            "comprehensiveIncomeNetOfTax": "568100000",
            "ebit": "987700000",
            "ebitda": "1071500000",
            "netIncome": "743800000"
        },
        {
            "fiscalDateEnding": "2018-02-28",
            "reportedCurrency": "USD",
            "grossProfit": "845200000",
            "totalRevenue": "1762000000",
            "costOfRevenue": "19100000",
            "costofGoodsAndServicesSold": "916800000",
            "operatingIncome": "511800000",
            "sellingGeneralAndAdministrative": "333400000",
            "researchAndDevelopment": "None",
            "operatingExpenses": "334900000",
            "investmentIncomeNet": "237500000",
            "netInterestIncome": "-88800000",
            "interestIncome": "None",
            "interestExpense": "88800000",
            "nonInterestIncome": "1762000000",
            "otherNonOperatingIncome": "256600000",
            "depreciation": "79400000",
            "depreciationAndAmortization": "1500000",
            "incomeBeforeTax": "581200000",
            "incomeTaxExpense": "-329300000",
            "interestAndDebtExpense": "166700000",
            "netIncomeFromContinuingOperations": "849100000",
            "comprehensiveIncomeNetOfTax": "916600000",
            "ebit": "670000000",
            "ebitda": "671500000",
            "netIncome": "910500000"
        }
    ]
}