{
    "symbol": "SWKS",
    "annualReports": [
        {
            "fiscalDateEnding": "2022-09-30",
            "reportedCurrency": "USD",
            "grossProfit": "2604300000",
            "totalRevenue": "5437600000",
            "costOfRevenue": "3887200000",
            "costofGoodsAndServicesSold": "2881200000",
            "operatingIncome": "1527000000",
            "sellingGeneralAndAdministrative": "329800000",
            "researchAndDevelopment": "617900000",
            "operatingExpenses": "1077300000",
            "investmentIncomeNet": "None",
            "netInterestIncome": "-47900000",
            "interestIncome": "None",
            "interestExpense": "47900000",
            "nonInterestIncome": "5485500000",
            "otherNonOperatingIncome": "-2500000",
            "depreciation": "394400000",
            "depreciationAndAmortization": "584100000",
            "incomeBeforeTax": "1476600000",
            "incomeTaxExpense": "201400000",
            "interestAndDebtExpense": "47900000",
            "netIncomeFromContinuingOperations": "1275200000",
            "comprehensiveIncomeNetOfTax": "1278300000",
            "ebit": "1524500000",
            "ebitda": "2108600000",
            "netIncome": "1275200000"
        },
        {
            "fiscalDateEnding": "2021-09-30",
            "reportedCurrency": "USD",
            "grossProfit": "2512400000",
            "totalRevenue": "5095700000",
            "costOfRevenue": "3126500000",
            "costofGoodsAndServicesSold": "2596700000",
            "operatingIncome": "1612700000",
            "sellingGeneralAndAdministrative": "322500000",
            "researchAndDevelopment": "532300000",
            "operatingExpenses": "899700000",
            "investmentIncomeNet": "None",
            "netInterestIncome": "-13400000",
            "interestIncome": "1200000",
            "interestExpense": "13400000",
            "nonInterestIncome": "5109100000",
            "otherNonOperatingIncome": "-600000",
            "depreciation": "332200000",
            "depreciationAndAmortization": "191300000",
            "incomeBeforeTax": "1598700000",
            "incomeTaxExpense": "100400000",
            "interestAndDebtExpense": "13400000",
            "netIncomeFromContinuingOperations": "1498300000",
            "comprehensiveIncomeNetOfTax": "1498200000",
            "ebit": "1612100000",
            "ebitda": "1803400000",
            "netIncome": "1498300000"
        },
        {
            "fiscalDateEnding": "2020-09-30",
            "reportedCurrency": "USD",
            "grossProfit": "1612900000",
            "totalRevenue": "3355700000",
            "costOfRevenue": "2057600000",
            "costofGoodsAndServicesSold": "1742800000",
            "operatingIncome": "891800000",
            "sellingGeneralAndAdministrative": "231400000",
            "researchAndDevelopment": "464100000",
            "operatingExpenses": "721100000",
            "investmentIncomeNet": "9600000",
            "netInterestIncome": "0",
            "interestIncome": "None",
            "interestExpense": "0",
            "nonInterestIncome": "3355700000",
            "otherNonOperatingIncome": "-100000",
            "depreciation": "318300000",
            "depreciationAndAmortization": "57800000",
            "incomeBeforeTax": "891700000",
            "incomeTaxExpense": "76900000",
            "interestAndDebtExpense": "0",
            "netIncomeFromContinuingOperations": "814800000",
            "comprehensiveIncomeNetOfTax": "814900000",
            "ebit": "891700000",
            "ebitda": "949500000",
            "netIncome": "814800000"
        },
        {
            "fiscalDateEnding": "2019-09-30",
            "reportedCurrency": "USD",
            "grossProfit": "1603800000",
            "totalRevenue": "3376800000",
            "costOfRevenue": "2057400000",
            "costofGoodsAndServicesSold": "1773000000",
            "operatingIncome": "952000000",
            "sellingGeneralAndAdministrative": "198300000",
            "researchAndDevelopment": "424100000",
            "operatingExpenses": "651800000",
            "investmentIncomeNet": "18800000",
            "netInterestIncome": "0",
            "interestIncome": "None",
            "interestExpense": "0",
            "nonInterestIncome": "3376800000",
            "otherNonOperatingIncome": "9000000",
            "depreciation": "314900000",
            "depreciationAndAmortization": "79300000",
            "incomeBeforeTax": "961000000",
            "incomeTaxExpense": "107400000",
            "interestAndDebtExpense": "0",
            "netIncomeFromContinuingOperations": "853600000",
            "comprehensiveIncomeNetOfTax": "854400000",
            "ebit": "961000000",
            "ebitda": "1040300000",
            "netIncome": "853600000"
        },
        {
            "fiscalDateEnding": "2018-09-30",
            "reportedCurrency": "USD",
            "grossProfit": "1950700000",
            "totalRevenue": "3868000000",
            "costOfRevenue": "2170900000",
            "costofGoodsAndServicesSold": "1917300000",
            "operatingIncome": "1319300000",
            "sellingGeneralAndAdministrative": "207800000",
            "researchAndDevelopment": "404500000",
            "operatingExpenses": "631400000",
            "investmentIncomeNet": "None",
            "netInterestIncome": "None",
            "interestIncome": "None",
            "interestExpense": "11200000",
            "nonInterestIncome": "3868000000",
            "otherNonOperatingIncome": "12800000",
            "depreciation": "272500000",
            "depreciationAndAmortization": "45000000",
            "incomeBeforeTax": "1332100000",
            "incomeTaxExpense": "413700000",
            "interestAndDebtExpense": "None",
            "netIncomeFromContinuingOperations": "918400000",
            "comprehensiveIncomeNetOfTax": "918100000",
            "ebit": "1319300000",
            "ebitda": "1364300000",
            "netIncome": "918400000"
        }
    ],
    "quarterlyReports": [
        {
            "fiscalDateEnding": "2022-12-31",
            "reportedCurrency": "USD",
            "grossProfit": "637700000",
            "totalRevenue": "1329300000",
            "costOfRevenue": "691600000",
            "costofGoodsAndServicesSold": "691600000",
            "operatingIncome": "367000000",
            "sellingGeneralAndAdministrative": "84500000",
            "researchAndDevelopment": "163900000",
            "operatingExpenses": "270700000",
            "investmentIncomeNet": "None",
            "netInterestIncome": "-16900000",
            "interestIncome": "None",
            "interestExpense": "16900000",
            "nonInterestIncome": "1329300000",
            "otherNonOperatingIncome": "600000",
            "depreciation": "99400000",
            "depreciationAndAmortization": "72000000",
            "incomeBeforeTax": "350700000",
            "incomeTaxExpense": "41300000",
            "interestAndDebtExpense": "16900000",
            "netIncomeFromContinuingOperations": "309400000",
            "comprehensiveIncomeNetOfTax": "308600000",
            "ebit": "367600000",
            "ebitda": "439600000",
            "netIncome": "309400000"
        },
        {
            "fiscalDateEnding": "2022-09-30",
            "reportedCurrency": "USD",
            "grossProfit": "668600000",
            "totalRevenue": "1359000000",
            "costOfRevenue": "1744300000",
            "costofGoodsAndServicesSold": "738300000",
            "operatingIncome": "388100000",
            "sellingGeneralAndAdministrative": "87700000",
            "researchAndDevelopment": "149500000",
            "operatingExpenses": "280500000",
            "investmentIncomeNet": "None",
            "netInterestIncome": "-14300000",
            "interestIncome": "None",
            "interestExpense": "14300000",
            "nonInterestIncome": "None",
            "otherNonOperatingIncome": "-1600000",
            "depreciation": "104800000",
            "depreciationAndAmortization": "201200000",
            "incomeBeforeTax": "372200000",
            "incomeTaxExpense": "70000000",
            "interestAndDebtExpense": "None",
            "netIncomeFromContinuingOperations": "302200000",
            "comprehensiveIncomeNetOfTax": "302200000",
            "ebit": "386500000",
            "ebitda": "589300000",
            "netIncome": "302200000"
        },
        {
            "fiscalDateEnding": "2022-06-30",
            "reportedCurrency": "USD",
            "grossProfit": "583300000",
            "totalRevenue": "1232600000",
            "costOfRevenue": "649300000",
            "costofGoodsAndServicesSold": "649300000",
            "operatingIncome": "325800000",
            "sellingGeneralAndAdministrative": "77000000",
            "researchAndDevelopment": "156500000",
            "operatingExpenses": "257500000",
            "investmentIncomeNet": "None",
            "netInterestIncome": "-11300000",
            "interestIncome": "None",
            "interestExpense": "11300000",
            "nonInterestIncome": "None",
            "otherNonOperatingIncome": "-400000",
            "depreciation": "97000000",
            "depreciationAndAmortization": "164500000",
            "incomeBeforeTax": "314100000",
            "incomeTaxExpense": "46800000",
            "interestAndDebtExpense": "None",
            "netIncomeFromContinuingOperations": "267300000",
            "comprehensiveIncomeNetOfTax": "267500000",
            "ebit": "325400000",
            "ebitda": "490300000",
            "netIncome": "267300000"
        },
        {
            "fiscalDateEnding": "2022-03-31",
            "reportedCurrency": "USD",
            "grossProfit": "637600000",
            "totalRevenue": "1335600000",
            "costOfRevenue": "698000000",
            "costofGoodsAndServicesSold": "698000000",
            "operatingIncome": "367300000",
            "sellingGeneralAndAdministrative": "83000000",
            "researchAndDevelopment": "160700000",
            "operatingExpenses": "270300000",
            "investmentIncomeNet": "None",
            "netInterestIncome": "-11400000",
            "interestIncome": "None",
            "interestExpense": "11400000",
            "nonInterestIncome": "None",
            "otherNonOperatingIncome": "-1800000",
            "depreciation": "98400000",
            "depreciationAndAmortization": "167300000",
            "incomeBeforeTax": "354100000",
            "incomeTaxExpense": "48300000",
            "interestAndDebtExpense": "None",
            "netIncomeFromContinuingOperations": "305800000",
            "comprehensiveIncomeNetOfTax": "305500000",
            "ebit": "365500000",
            "ebitda": "534600000",
            "netIncome": "305800000"
        },
        {
            "fiscalDateEnding": "2021-12-31",
            "reportedCurrency": "USD",
            "grossProfit": "714700000",
            "totalRevenue": "1510400000",
            "costOfRevenue": "795700000",
            "costofGoodsAndServicesSold": "795700000",
            "operatingIncome": "445900000",
            "sellingGeneralAndAdministrative": "82000000",
            "researchAndDevelopment": "151100000",
            "operatingExpenses": "268800000",
            "investmentIncomeNet": "None",
            "netInterestIncome": "-11000000",
            "interestIncome": "None",
            "interestExpense": "11000000",
            "nonInterestIncome": "1510400000",
            "otherNonOperatingIncome": "1200000",
            "depreciation": "94200000",
            "depreciationAndAmortization": "80000000",
            "incomeBeforeTax": "436100000",
            "incomeTaxExpense": "36200000",
            "interestAndDebtExpense": "11000000",
            "netIncomeFromContinuingOperations": "399900000",
            "comprehensiveIncomeNetOfTax": "403100000",
            "ebit": "447100000",
            "ebitda": "527100000",
            "netIncome": "399900000"
        },
        {
            "fiscalDateEnding": "2021-09-30",
            "reportedCurrency": "USD",
            "grossProfit": "613700000",
            "totalRevenue": "1297500000",
            "costOfRevenue": "1227000000",
            "costofGoodsAndServicesSold": "697200000",
            "operatingIncome": "327500000",
            "sellingGeneralAndAdministrative": "100500000",
            "researchAndDevelopment": "149200000",
            "operatingExpenses": "286200000",
            "investmentIncomeNet": "None",
            "netInterestIncome": "-10800000",
            "interestIncome": "100000",
            "interestExpense": "10800000",
            "nonInterestIncome": "1310900000",
            "otherNonOperatingIncome": "-500000",
            "depreciation": "89300000",
            "depreciationAndAmortization": "167500000",
            "incomeBeforeTax": "316200000",
            "incomeTaxExpense": "-10100000",
            "interestAndDebtExpense": "10800000",
            "netIncomeFromContinuingOperations": "326300000",
            "comprehensiveIncomeNetOfTax": "326400000",
            "ebit": "327000000",
            "ebitda": "494500000",
            "netIncome": "326300000"
        },
        {
            "fiscalDateEnding": "2021-06-30",
            "reportedCurrency": "USD",
            "grossProfit": "558600000",
            "totalRevenue": "1116400000",
            "costOfRevenue": "557800000",
            "costofGoodsAndServicesSold": "557800000",
            "operatingIncome": "339800000",
            "sellingGeneralAndAdministrative": "85100000",
            "researchAndDevelopment": "130800000",
            "operatingExpenses": "218800000",
            "investmentIncomeNet": "None",
            "netInterestIncome": "-2600000",
            "interestIncome": "300000",
            "interestExpense": "2600000",
            "nonInterestIncome": "1116400000",
            "otherNonOperatingIncome": "-1000000",
            "depreciation": "84700000",
            "depreciationAndAmortization": "6300000",
            "incomeBeforeTax": "336200000",
            "incomeTaxExpense": "-1600000",
            "interestAndDebtExpense": "2600000",
            "netIncomeFromContinuingOperations": "337800000",
            "comprehensiveIncomeNetOfTax": "337600000",
            "ebit": "338800000",
            "ebitda": "345100000",
            "netIncome": "337800000"
        },
        {
            "fiscalDateEnding": "2021-03-31",
            "reportedCurrency": "USD",
            "grossProfit": "578400000",
            "totalRevenue": "1171800000",
            "costOfRevenue": "593400000",
            "costofGoodsAndServicesSold": "593400000",
            "operatingIncome": "374700000",
            "sellingGeneralAndAdministrative": "70200000",
            "researchAndDevelopment": "130700000",
            "operatingExpenses": "203700000",
            "investmentIncomeNet": "None",
            "netInterestIncome": "0",
            "interestIncome": "None",
            "interestExpense": "0",
            "nonInterestIncome": "1171800000",
            "otherNonOperatingIncome": "800000",
            "depreciation": "79800000",
            "depreciationAndAmortization": "9500000",
            "incomeBeforeTax": "375500000",
            "incomeTaxExpense": "50500000",
            "interestAndDebtExpense": "0",
            "netIncomeFromContinuingOperations": "325000000",
            "comprehensiveIncomeNetOfTax": "324900000",
            "ebit": "375500000",
            "ebitda": "385000000",
            "netIncome": "325000000"
        },
        {
            "fiscalDateEnding": "2020-12-31",
            "reportedCurrency": "USD",
            "grossProfit": "761700000",
            "totalRevenue": "1510000000",
            "costOfRevenue": "748300000",
            "costofGoodsAndServicesSold": "748300000",
            "operatingIncome": "570700000",
            "sellingGeneralAndAdministrative": "66600000",
            "researchAndDevelopment": "121600000",
            "operatingExpenses": "191000000",
            "investmentIncomeNet": "None",
            "netInterestIncome": "0",
            "interestIncome": "None",
            "interestExpense": "0",
            "nonInterestIncome": "1510000000",
            "otherNonOperatingIncome": "200000",
            "depreciation": "78400000",
            "depreciationAndAmortization": "8000000",
            "incomeBeforeTax": "570900000",
            "incomeTaxExpense": "61600000",
            "interestAndDebtExpense": "0",
            "netIncomeFromContinuingOperations": "509300000",
            "comprehensiveIncomeNetOfTax": "509400000",
            "ebit": "570900000",
            "ebitda": "578900000",
            "netIncome": "509300000"
        },
        {
            "fiscalDateEnding": "2020-09-30",
            "reportedCurrency": "USD",
            "grossProfit": "458900000",
            "totalRevenue": "956800000",
            "costOfRevenue": "812700000",
            "costofGoodsAndServicesSold": "497900000",
            "operatingIncome": "267600000",
            "sellingGeneralAndAdministrative": "62300000",
            "researchAndDevelopment": "126200000",
            "operatingExpenses": "191300000",
            "investmentIncomeNet": "800000",
            "netInterestIncome": "0",
            "interestIncome": "None",
            "interestExpense": "0",
            "nonInterestIncome": "956800000",
            "otherNonOperatingIncome": "-1500000",
            "depreciation": "80100000",
            "depreciationAndAmortization": "13400000",
            "incomeBeforeTax": "266100000",
            "incomeTaxExpense": "19200000",
            "interestAndDebtExpense": "0",
            "netIncomeFromContinuingOperations": "246900000",
            "comprehensiveIncomeNetOfTax": "246700000",
            "ebit": "266100000",
            "ebitda": "279500000",
            "netIncome": "246900000"
        },
        {
            "fiscalDateEnding": "2020-06-30",
            "reportedCurrency": "USD",
            "grossProfit": "334100000",
            "totalRevenue": "736800000",
            "costOfRevenue": "402700000",
            "costofGoodsAndServicesSold": "402700000",
            "operatingIncome": "147500000",
            "sellingGeneralAndAdministrative": "55000000",
            "researchAndDevelopment": "117000000",
            "operatingExpenses": "186600000",
            "investmentIncomeNet": "1200000",
            "netInterestIncome": "0",
            "interestIncome": "None",
            "interestExpense": "0",
            "nonInterestIncome": "736800000",
            "otherNonOperatingIncome": "-3500000",
            "depreciation": "77900000",
            "depreciationAndAmortization": "2800000",
            "incomeBeforeTax": "144000000",
            "incomeTaxExpense": "14300000",
            "interestAndDebtExpense": "0",
            "netIncomeFromContinuingOperations": "129700000",
            "comprehensiveIncomeNetOfTax": "129600000",
            "ebit": "144000000",
            "ebitda": "146800000",
            "netIncome": "129700000"
        },
        {
            "fiscalDateEnding": "2020-03-31",
            "reportedCurrency": "USD",
            "grossProfit": "375600000",
            "totalRevenue": "766100000",
            "costOfRevenue": "390500000",
            "costofGoodsAndServicesSold": "390500000",
            "operatingIncome": "199500000",
            "sellingGeneralAndAdministrative": "58600000",
            "researchAndDevelopment": "113200000",
            "operatingExpenses": "176100000",
            "investmentIncomeNet": "None",
            "netInterestIncome": "None",
            "interestIncome": "None",
            "interestExpense": "1100000",
            "nonInterestIncome": "766100000",
            "otherNonOperatingIncome": "3500000",
            "depreciation": "80500000",
            "depreciationAndAmortization": "3100000",
            "incomeBeforeTax": "203000000",
            "incomeTaxExpense": "21900000",
            "interestAndDebtExpense": "None",
            "netIncomeFromContinuingOperations": "181100000",
            "comprehensiveIncomeNetOfTax": "181600000",
            "ebit": "199500000",
            "ebitda": "202600000",
            "netIncome": "181100000"
        },
        {
            "fiscalDateEnding": "2019-12-31",
            "reportedCurrency": "USD",
            "grossProfit": "444300000",
            "totalRevenue": "896100000",
            "costOfRevenue": "451800000",
            "costofGoodsAndServicesSold": "451800000",
            "operatingIncome": "277300000",
            "sellingGeneralAndAdministrative": "55400000",
            "researchAndDevelopment": "107700000",
            "operatingExpenses": "167000000",
            "investmentIncomeNet": "None",
            "netInterestIncome": "None",
            "interestIncome": "None",
            "interestExpense": "200000",
            "nonInterestIncome": "896100000",
            "otherNonOperatingIncome": "1400000",
            "depreciation": "79800000",
            "depreciationAndAmortization": "14500000",
            "incomeBeforeTax": "278700000",
            "incomeTaxExpense": "21600000",
            "interestAndDebtExpense": "None",
            "netIncomeFromContinuingOperations": "257100000",
            "comprehensiveIncomeNetOfTax": "257000000",
            "ebit": "277300000",
            "ebitda": "291800000",
            "netIncome": "257100000"
        },
        {
            "fiscalDateEnding": "2019-09-30",
            "reportedCurrency": "USD",
            "grossProfit": "406000000",
            "totalRevenue": "827400000",
            "costOfRevenue": "705800000",
            "costofGoodsAndServicesSold": "421400000",
            "operatingIncome": "233900000",
            "sellingGeneralAndAdministrative": "55800000",
            "researchAndDevelopment": "106800000",
            "operatingExpenses": "172100000",
            "investmentIncomeNet": "None",
            "netInterestIncome": "None",
            "interestIncome": "None",
            "interestExpense": "10900000",
            "nonInterestIncome": "827400000",
            "otherNonOperatingIncome": "100000",
            "depreciation": "79500000",
            "depreciationAndAmortization": "17400000",
            "incomeBeforeTax": "234000000",
            "incomeTaxExpense": "23400000",
            "interestAndDebtExpense": "None",
            "netIncomeFromContinuingOperations": "406000000",
            "comprehensiveIncomeNetOfTax": "210400000",
            "ebit": "233900000",
            "ebitda": "251300000",
            "netIncome": "210600000"
        },
        {
            "fiscalDateEnding": "2019-06-30",
            "reportedCurrency": "USD",
            "grossProfit": "312500000",
            "totalRevenue": "767000000",
            "costOfRevenue": "454500000",
            "costofGoodsAndServicesSold": "454500000",
            "operatingIncome": "159600000",
            "sellingGeneralAndAdministrative": "46800000",
            "researchAndDevelopment": "100600000",
            "operatingExpenses": "152900000",
            "investmentIncomeNet": "None",
            "netInterestIncome": "None",
            "interestIncome": "None",
            "interestExpense": "2300000",
            "nonInterestIncome": "767000000",
            "otherNonOperatingIncome": "2300000",
            "depreciation": "79000000",
            "depreciationAndAmortization": "5500000",
            "incomeBeforeTax": "161900000",
            "incomeTaxExpense": "17800000",
            "interestAndDebtExpense": "None",
            "netIncomeFromContinuingOperations": "144100000",
            "comprehensiveIncomeNetOfTax": "144400000",
            "ebit": "159600000",
            "ebitda": "165100000",
            "netIncome": "144100000"
        },
        {
            "fiscalDateEnding": "2019-03-31",
            "reportedCurrency": "USD",
            "grossProfit": "400200000",
            "totalRevenue": "810400000",
            "costOfRevenue": "410200000",
            "costofGoodsAndServicesSold": "410200000",
            "operatingIncome": "237600000",
            "sellingGeneralAndAdministrative": "47900000",
            "researchAndDevelopment": "107500000",
            "operatingExpenses": "162600000",
            "investmentIncomeNet": "None",
            "netInterestIncome": "None",
            "interestIncome": "None",
            "interestExpense": "700000",
            "nonInterestIncome": "810400000",
            "otherNonOperatingIncome": "3700000",
            "depreciation": "78900000",
            "depreciationAndAmortization": "5700000",
            "incomeBeforeTax": "241300000",
            "incomeTaxExpense": "27300000",
            "interestAndDebtExpense": "None",
            "netIncomeFromContinuingOperations": "214000000",
            "comprehensiveIncomeNetOfTax": "214600000",
            "ebit": "237600000",
            "ebitda": "243300000",
            "netIncome": "214000000"
        },
        {
            "fiscalDateEnding": "2018-12-31",
            "reportedCurrency": "USD",
            "grossProfit": "485100000",
            "totalRevenue": "972000000",
            "costOfRevenue": "486900000",
            "costofGoodsAndServicesSold": "486900000",
            "operatingIncome": "320900000",
            "sellingGeneralAndAdministrative": "47800000",
            "researchAndDevelopment": "109200000",
            "operatingExpenses": "164200000",
            "investmentIncomeNet": "None",
            "netInterestIncome": "None",
            "interestIncome": "None",
            "interestExpense": "3300000",
            "nonInterestIncome": "972000000",
            "otherNonOperatingIncome": "2900000",
            "depreciation": "77500000",
            "depreciationAndAmortization": "22900000",
            "incomeBeforeTax": "323800000",
            "incomeTaxExpense": "38900000",
            "interestAndDebtExpense": "None",
            "netIncomeFromContinuingOperations": "284900000",
            "comprehensiveIncomeNetOfTax": "285000000",
            "ebit": "320900000",
            "ebitda": "343800000",
            "netIncome": "284900000"
        },
        {
            "fiscalDateEnding": "2018-09-30",
            "reportedCurrency": "USD",
            "grossProfit": "503600000",
            "totalRevenue": "1008400000",
            "costOfRevenue": "758400000",
            "costofGoodsAndServicesSold": "504800000",
            "operatingIncome": "340100000",
            "sellingGeneralAndAdministrative": "54400000",
            "researchAndDevelopment": "103000000",
            "operatingExpenses": "163500000",
            "investmentIncomeNet": "None",
            "netInterestIncome": "None",
            "interestIncome": "None",
            "interestExpense": "3700000",
            "nonInterestIncome": "1008400000",
            "otherNonOperatingIncome": "3300000",
            "depreciation": "73600000",
            "depreciationAndAmortization": "16500000",
            "incomeBeforeTax": "343400000",
            "incomeTaxExpense": "57900000",
            "interestAndDebtExpense": "None",
            "netIncomeFromContinuingOperations": "503600000",
            "comprehensiveIncomeNetOfTax": "285500000",
            "ebit": "340100000",
            "ebitda": "356600000",
            "netIncome": "285500000"
        },
        {
            "fiscalDateEnding": "2018-06-30",
            "reportedCurrency": "USD",
            "grossProfit": "451600000",
            "totalRevenue": "894300000",
            "costOfRevenue": "442700000",
            "costofGoodsAndServicesSold": "442700000",
            "operatingIncome": "306300000",
            "sellingGeneralAndAdministrative": "44600000",
            "researchAndDevelopment": "96800000",
            "operatingExpenses": "145300000",
            "investmentIncomeNet": "None",
            "netInterestIncome": "None",
            "interestIncome": "None",
            "interestExpense": "4500000",
            "nonInterestIncome": "894300000",
            "otherNonOperatingIncome": "4500000",
            "depreciation": "69300000",
            "depreciationAndAmortization": "3900000",
            "incomeBeforeTax": "310800000",
            "incomeTaxExpense": "24300000",
            "interestAndDebtExpense": "None",
            "netIncomeFromContinuingOperations": "286500000",
            "comprehensiveIncomeNetOfTax": "286500000",
            "ebit": "306300000",
            "ebitda": "310200000",
            "netIncome": "286500000"
        },
        {
            "fiscalDateEnding": "2018-03-31",
            "reportedCurrency": "USD",
            "grossProfit": "458700000",
            "totalRevenue": "913400000",
            "costOfRevenue": "454700000",
            "costofGoodsAndServicesSold": "454700000",
            "operatingIncome": "289400000",
            "sellingGeneralAndAdministrative": "57500000",
            "researchAndDevelopment": "106700000",
            "operatingExpenses": "169300000",
            "investmentIncomeNet": "None",
            "netInterestIncome": "None",
            "interestIncome": "None",
            "interestExpense": "900000",
            "nonInterestIncome": "913400000",
            "otherNonOperatingIncome": "2900000",
            "depreciation": "66000000",
            "depreciationAndAmortization": "4100000",
            "incomeBeforeTax": "292300000",
            "incomeTaxExpense": "16300000",
            "interestAndDebtExpense": "None",
            "netIncomeFromContinuingOperations": "276000000",
            "comprehensiveIncomeNetOfTax": "275700000",
            "ebit": "289400000",
            "ebitda": "293500000",
            "netIncome": "276000000"
        }
    ]
}