{
    "symbol": "T",
    "annualReports": [
        {
            "fiscalDateEnding": "2022-12-31",
            "reportedCurrency": "USD",
            "grossProfit": "39925000000",
            "totalRevenue": "120741000000",
            "costOfRevenue": "80816000000",
            "costofGoodsAndServicesSold": "50848000000",
            "operatingIncome": "-4587000000",
            "sellingGeneralAndAdministrative": "28961000000",
            "researchAndDevelopment": "None",
            "operatingExpenses": "55842000000",
            "investmentIncomeNet": "None",
            "netInterestIncome": "-6108000000",
            "interestIncome": "4317000000",
            "interestExpense": "6108000000",
            "nonInterestIncome": "-80000000",
            "otherNonOperatingIncome": "5810000000",
            "depreciation": "17852000000",
            "depreciationAndAmortization": "204000000",
            "incomeBeforeTax": "-4744000000",
            "incomeTaxExpense": "3780000000",
            "interestAndDebtExpense": "6108000000",
            "netIncomeFromContinuingOperations": "-8546000000",
            "comprehensiveIncomeNetOfTax": "-9287000000",
            "ebit": "1364000000",
            "ebitda": "1568000000",
            "netIncome": "-8524000000"
        },
        {
            "fiscalDateEnding": "2021-12-31",
            "reportedCurrency": "USD",
            "grossProfit": "95144000000",
            "totalRevenue": "134038000000",
            "costOfRevenue": "73720000000",
            "costofGoodsAndServicesSold": "79807000000",
            "operatingIncome": "25897000000",
            "sellingGeneralAndAdministrative": "29669000000",
            "researchAndDevelopment": "None",
            "operatingExpenses": "43728000000",
            "investmentIncomeNet": "None",
            "netInterestIncome": "-6884000000",
            "interestIncome": "-168000000",
            "interestExpense": "6716000000",
            "nonInterestIncome": "-5000000",
            "otherNonOperatingIncome": "9387000000",
            "depreciation": "17634000000",
            "depreciationAndAmortization": "4544000000",
            "incomeBeforeTax": "25476000000",
            "incomeTaxExpense": "5395000000",
            "interestAndDebtExpense": "6884000000",
            "netIncomeFromContinuingOperations": "22084000000",
            "comprehensiveIncomeNetOfTax": "19280000000",
            "ebit": "32192000000",
            "ebitda": "36736000000",
            "netIncome": "20081000000"
        },
        {
            "fiscalDateEnding": "2020-12-31",
            "reportedCurrency": "USD",
            "grossProfit": "81675000000",
            "totalRevenue": "143050000000",
            "costOfRevenue": "90085000000",
            "costofGoodsAndServicesSold": "79920000000",
            "operatingIncome": "8372000000",
            "sellingGeneralAndAdministrative": "30817000000",
            "researchAndDevelopment": "None",
            "operatingExpenses": "59148000000",
            "investmentIncomeNet": "None",
            "netInterestIncome": "-7925000000",
            "interestIncome": "-198000000",
            "interestExpense": "7727000000",
            "nonInterestIncome": "-25000000",
            "otherNonOperatingIncome": "-1088000000",
            "depreciation": "19028000000",
            "depreciationAndAmortization": "8526000000",
            "incomeBeforeTax": "-4008000000",
            "incomeTaxExpense": "1168000000",
            "interestAndDebtExpense": "7925000000",
            "netIncomeFromContinuingOperations": "-3185000000",
            "comprehensiveIncomeNetOfTax": "-6316000000",
            "ebit": "3719000000",
            "ebitda": "12245000000",
            "netIncome": "-5176000000"
        },
        {
            "fiscalDateEnding": "2019-12-31",
            "reportedCurrency": "USD",
            "grossProfit": "99212000000",
            "totalRevenue": "181193000000",
            "costOfRevenue": "81981000000",
            "costofGoodsAndServicesSold": "84141000000",
            "operatingIncome": "27955000000",
            "sellingGeneralAndAdministrative": "39422000000",
            "researchAndDevelopment": "None",
            "operatingExpenses": "50200000000",
            "investmentIncomeNet": "None",
            "netInterestIncome": "-8422000000",
            "interestIncome": "8215000000",
            "interestExpense": "8422000000",
            "nonInterestIncome": "100000000",
            "otherNonOperatingIncome": "-1071000000",
            "depreciation": "20758000000",
            "depreciationAndAmortization": "8203000000",
            "incomeBeforeTax": "17396000000",
            "incomeTaxExpense": "3493000000",
            "interestAndDebtExpense": "8422000000",
            "netIncomeFromContinuingOperations": "14975000000",
            "comprehensiveIncomeNetOfTax": "15124000000",
            "ebit": "25818000000",
            "ebitda": "34021000000",
            "netIncome": "13903000000"
        },
        {
            "fiscalDateEnding": "2018-12-31",
            "reportedCurrency": "USD",
            "grossProfit": "101085000000",
            "totalRevenue": "170756000000",
            "costOfRevenue": "69671000000",
            "costofGoodsAndServicesSold": "79419000000",
            "operatingIncome": "26096000000",
            "sellingGeneralAndAdministrative": "36765000000",
            "researchAndDevelopment": "None",
            "operatingExpenses": "38556000000",
            "investmentIncomeNet": "None",
            "netInterestIncome": "-7957000000",
            "interestIncome": "8185000000",
            "interestExpense": "7957000000",
            "nonInterestIncome": "-10000000",
            "otherNonOperatingIncome": "6782000000",
            "depreciation": "20083000000",
            "depreciationAndAmortization": "8347000000",
            "incomeBeforeTax": "24290000000",
            "incomeTaxExpense": "4920000000",
            "interestAndDebtExpense": "7957000000",
            "netIncomeFromContinuingOperations": "19953000000",
            "comprehensiveIncomeNetOfTax": "17260000000",
            "ebit": "32247000000",
            "ebitda": "40594000000",
            "netIncome": "19370000000"
        }
    ],
    "quarterlyReports": [
        {
            "fiscalDateEnding": "2022-12-31",
            "reportedCurrency": "USD",
            "grossProfit": "31343000000",
            "totalRevenue": "31343000000",
            "costOfRevenue": "38955000000",
            "costofGoodsAndServicesSold": "13571000000",
            "operatingIncome": "-21092000000",
            "sellingGeneralAndAdministrative": "7516000000",
            "researchAndDevelopment": "None",
            "operatingExpenses": "32925000000",
            "investmentIncomeNet": "None",
            "netInterestIncome": "-1560000000",
            "interestIncome": "1186000000",
            "interestExpense": "1560000000",
            "nonInterestIncome": "-24000000",
            "otherNonOperatingIncome": "-919000000",
            "depreciation": "None",
            "depreciationAndAmortization": "55000000",
            "incomeBeforeTax": "-23594000000",
            "incomeTaxExpense": "-77000000",
            "interestAndDebtExpense": "1560000000",
            "netIncomeFromContinuingOperations": "-23536000000",
            "comprehensiveIncomeNetOfTax": "-23624000000",
            "ebit": "-22034000000",
            "ebitda": "-21979000000",
            "netIncome": "-23517000000"
        },
        {
            "fiscalDateEnding": "2022-09-30",
            "reportedCurrency": "USD",
            "grossProfit": "16025000000",
            "totalRevenue": "30043000000",
            "costOfRevenue": "14018000000",
            "costofGoodsAndServicesSold": "12201000000",
            "operatingIncome": "6012000000",
            "sellingGeneralAndAdministrative": "7202000000",
            "researchAndDevelopment": "None",
            "operatingExpenses": "7257000000",
            "investmentIncomeNet": "None",
            "netInterestIncome": "-1420000000",
            "interestIncome": "1028000000",
            "interestExpense": "1420000000",
            "nonInterestIncome": "-8000000",
            "otherNonOperatingIncome": "2270000000",
            "depreciation": "None",
            "depreciationAndAmortization": "55000000",
            "incomeBeforeTax": "6934000000",
            "incomeTaxExpense": "908000000",
            "interestAndDebtExpense": "1420000000",
            "netIncomeFromContinuingOperations": "5924000000",
            "comprehensiveIncomeNetOfTax": "6592000000",
            "ebit": "8354000000",
            "ebitda": "8409000000",
            "netIncome": "6026000000"
        },
        {
            "fiscalDateEnding": "2022-06-30",
            "reportedCurrency": "USD",
            "grossProfit": "15522000000",
            "totalRevenue": "29643000000",
            "costOfRevenue": "14121000000",
            "costofGoodsAndServicesSold": "12341000000",
            "operatingIncome": "4956000000",
            "sellingGeneralAndAdministrative": "7265000000",
            "researchAndDevelopment": "None",
            "operatingExpenses": "7314000000",
            "investmentIncomeNet": "None",
            "netInterestIncome": "-1502000000",
            "interestIncome": "1194000000",
            "interestExpense": "1502000000",
            "nonInterestIncome": "-41000000",
            "otherNonOperatingIncome": "2302000000",
            "depreciation": "None",
            "depreciationAndAmortization": "49000000",
            "incomeBeforeTax": "5666000000",
            "incomeTaxExpense": "1509000000",
            "interestAndDebtExpense": "1502000000",
            "netIncomeFromContinuingOperations": "4319000000",
            "comprehensiveIncomeNetOfTax": "3174000000",
            "ebit": "7168000000",
            "ebitda": "7217000000",
            "netIncome": "4157000000"
        },
        {
            "fiscalDateEnding": "2022-03-31",
            "reportedCurrency": "USD",
            "grossProfit": "21484000000",
            "totalRevenue": "29712000000",
            "costOfRevenue": "16621000000",
            "costofGoodsAndServicesSold": "17557000000",
            "operatingIncome": "5537000000",
            "sellingGeneralAndAdministrative": "9368000000",
            "researchAndDevelopment": "None",
            "operatingExpenses": "9875000000",
            "investmentIncomeNet": "None",
            "netInterestIncome": "-1722000000",
            "interestIncome": "1193000000",
            "interestExpense": "1722000000",
            "nonInterestIncome": "-7000000",
            "otherNonOperatingIncome": "2187000000",
            "depreciation": "None",
            "depreciationAndAmortization": "47000000",
            "incomeBeforeTax": "6253000000",
            "incomeTaxExpense": "1443000000",
            "interestAndDebtExpense": "1722000000",
            "netIncomeFromContinuingOperations": "4747000000",
            "comprehensiveIncomeNetOfTax": "4571000000",
            "ebit": "7975000000",
            "ebitda": "8022000000",
            "netIncome": "4810000000"
        },
        {
            "fiscalDateEnding": "2021-12-31",
            "reportedCurrency": "USD",
            "grossProfit": "31095000000",
            "totalRevenue": "31095000000",
            "costOfRevenue": "21775000000",
            "costofGoodsAndServicesSold": "19795000000",
            "operatingIncome": "4894000000",
            "sellingGeneralAndAdministrative": "7368000000",
            "researchAndDevelopment": "None",
            "operatingExpenses": "14722000000",
            "investmentIncomeNet": "None",
            "netInterestIncome": "-1663000000",
            "interestIncome": "-37000000",
            "interestExpense": "1626000000",
            "nonInterestIncome": "-3000000",
            "otherNonOperatingIncome": "2429000000",
            "depreciation": "None",
            "depreciationAndAmortization": "4346000000",
            "incomeBeforeTax": "5982000000",
            "incomeTaxExpense": "939000000",
            "interestAndDebtExpense": "1663000000",
            "netIncomeFromContinuingOperations": "4802000000",
            "comprehensiveIncomeNetOfTax": "6229000000",
            "ebit": "7608000000",
            "ebitda": "11954000000",
            "netIncome": "5043000000"
        },
        {
            "fiscalDateEnding": "2021-09-30",
            "reportedCurrency": "USD",
            "grossProfit": "23007000000",
            "totalRevenue": "31326000000",
            "costOfRevenue": "16915000000",
            "costofGoodsAndServicesSold": "17826000000",
            "operatingIncome": "6237000000",
            "sellingGeneralAndAdministrative": "7094000000",
            "researchAndDevelopment": "None",
            "operatingExpenses": "9266000000",
            "investmentIncomeNet": "None",
            "netInterestIncome": "-1667000000",
            "interestIncome": "-40000000",
            "interestExpense": "1627000000",
            "nonInterestIncome": "-2000000",
            "otherNonOperatingIncome": "1522000000",
            "depreciation": "None",
            "depreciationAndAmortization": "59000000",
            "incomeBeforeTax": "7214000000",
            "incomeTaxExpense": "1296000000",
            "interestAndDebtExpense": "1667000000",
            "netIncomeFromContinuingOperations": "4613000000",
            "comprehensiveIncomeNetOfTax": "5142000000",
            "ebit": "8841000000",
            "ebitda": "8900000000",
            "netIncome": "5918000000"
        },
        {
            "fiscalDateEnding": "2021-06-30",
            "reportedCurrency": "USD",
            "grossProfit": "26459000000",
            "totalRevenue": "35740000000",
            "costOfRevenue": "17586000000",
            "costofGoodsAndServicesSold": "21099000000",
            "operatingIncome": "7572000000",
            "sellingGeneralAndAdministrative": "7581000000",
            "researchAndDevelopment": "None",
            "operatingExpenses": "9431000000",
            "investmentIncomeNet": "None",
            "netInterestIncome": "-1684000000",
            "interestIncome": "-44000000",
            "interestExpense": "1640000000",
            "nonInterestIncome": "None",
            "otherNonOperatingIncome": "1206000000",
            "depreciation": "None",
            "depreciationAndAmortization": "70000000",
            "incomeBeforeTax": "2721000000",
            "incomeTaxExpense": "1151000000",
            "interestAndDebtExpense": "1684000000",
            "netIncomeFromContinuingOperations": "5526000000",
            "comprehensiveIncomeNetOfTax": "490000000",
            "ebit": "4361000000",
            "ebitda": "4431000000",
            "netIncome": "1570000000"
        },
        {
            "fiscalDateEnding": "2021-03-31",
            "reportedCurrency": "USD",
            "grossProfit": "26495000000",
            "totalRevenue": "35877000000",
            "costOfRevenue": "17444000000",
            "costofGoodsAndServicesSold": "21087000000",
            "operatingIncome": "7194000000",
            "sellingGeneralAndAdministrative": "9382000000",
            "researchAndDevelopment": "None",
            "operatingExpenses": "9772000000",
            "investmentIncomeNet": "None",
            "netInterestIncome": "-1870000000",
            "interestIncome": "1818000000",
            "interestExpense": "1870000000",
            "nonInterestIncome": "None",
            "otherNonOperatingIncome": "4221000000",
            "depreciation": "None",
            "depreciationAndAmortization": "69000000",
            "incomeBeforeTax": "9672000000",
            "incomeTaxExpense": "2122000000",
            "interestAndDebtExpense": "1870000000",
            "netIncomeFromContinuingOperations": "7143000000",
            "comprehensiveIncomeNetOfTax": "7419000000",
            "ebit": "11542000000",
            "ebitda": "11611000000",
            "netIncome": "7550000000"
        },
        {
            "fiscalDateEnding": "2020-12-31",
            "reportedCurrency": "USD",
            "grossProfit": "11027000000",
            "totalRevenue": "16981000000",
            "costOfRevenue": "34664000000",
            "costofGoodsAndServicesSold": "22910000000",
            "operatingIncome": "-8778000000",
            "sellingGeneralAndAdministrative": "2960000000",
            "researchAndDevelopment": "None",
            "operatingExpenses": "26949000000",
            "investmentIncomeNet": "None",
            "netInterestIncome": "-1894000000",
            "interestIncome": "-198000000",
            "interestExpense": "1696000000",
            "nonInterestIncome": "-1000000",
            "otherNonOperatingIncome": "-2677000000",
            "depreciation": "None",
            "depreciationAndAmortization": "8310000000",
            "incomeBeforeTax": "-15718000000",
            "incomeTaxExpense": "-1835000000",
            "interestAndDebtExpense": "1894000000",
            "netIncomeFromContinuingOperations": "-12879000000",
            "comprehensiveIncomeNetOfTax": "-10202000000",
            "ebit": "-14022000000",
            "ebitda": "-5712000000",
            "netIncome": "-13883000000"
        },
        {
            "fiscalDateEnding": "2020-09-30",
            "reportedCurrency": "USD",
            "grossProfit": "24550000000",
            "totalRevenue": "42340000000",
            "costOfRevenue": "17790000000",
            "costofGoodsAndServicesSold": "19839000000",
            "operatingIncome": "6132000000",
            "sellingGeneralAndAdministrative": "9266000000",
            "researchAndDevelopment": "None",
            "operatingExpenses": "9415000000",
            "investmentIncomeNet": "None",
            "netInterestIncome": "-1972000000",
            "interestIncome": "1903000000",
            "interestExpense": "1972000000",
            "nonInterestIncome": "0",
            "otherNonOperatingIncome": "-231000000",
            "depreciation": "None",
            "depreciationAndAmortization": "76000000",
            "incomeBeforeTax": "3582000000",
            "incomeTaxExpense": "766000000",
            "interestAndDebtExpense": "1972000000",
            "netIncomeFromContinuingOperations": "3168000000",
            "comprehensiveIncomeNetOfTax": "3336000000",
            "ebit": "5554000000",
            "ebitda": "5630000000",
            "netIncome": "2816000000"
        },
        {
            "fiscalDateEnding": "2020-06-30",
            "reportedCurrency": "USD",
            "grossProfit": "20611000000",
            "totalRevenue": "40950000000",
            "costOfRevenue": "20339000000",
            "costofGoodsAndServicesSold": "17983000000",
            "operatingIncome": "3532000000",
            "sellingGeneralAndAdministrative": "9831000000",
            "researchAndDevelopment": "None",
            "operatingExpenses": "12223000000",
            "investmentIncomeNet": "None",
            "netInterestIncome": "-2041000000",
            "interestIncome": "2051000000",
            "interestExpense": "2041000000",
            "nonInterestIncome": "9000000",
            "otherNonOperatingIncome": "1017000000",
            "depreciation": "None",
            "depreciationAndAmortization": "73000000",
            "incomeBeforeTax": "2216000000",
            "incomeTaxExpense": "935000000",
            "interestAndDebtExpense": "2041000000",
            "netIncomeFromContinuingOperations": "1563000000",
            "comprehensiveIncomeNetOfTax": "1795000000",
            "ebit": "4257000000",
            "ebitda": "4330000000",
            "netIncome": "1281000000"
        },
        {
            "fiscalDateEnding": "2020-03-31",
            "reportedCurrency": "USD",
            "grossProfit": "25647000000",
            "totalRevenue": "42779000000",
            "costOfRevenue": "17132000000",
            "costofGoodsAndServicesSold": "19281000000",
            "operatingIncome": "7486000000",
            "sellingGeneralAndAdministrative": "8760000000",
            "researchAndDevelopment": "None",
            "operatingExpenses": "9570000000",
            "investmentIncomeNet": "None",
            "netInterestIncome": "-2018000000",
            "interestIncome": "2194000000",
            "interestExpense": "2018000000",
            "nonInterestIncome": "-33000000",
            "otherNonOperatingIncome": "803000000",
            "depreciation": "None",
            "depreciationAndAmortization": "67000000",
            "incomeBeforeTax": "5912000000",
            "incomeTaxExpense": "1302000000",
            "interestAndDebtExpense": "2018000000",
            "netIncomeFromContinuingOperations": "4963000000",
            "comprehensiveIncomeNetOfTax": "-1245000000",
            "ebit": "7930000000",
            "ebitda": "7997000000",
            "netIncome": "4610000000"
        },
        {
            "fiscalDateEnding": "2019-12-31",
            "reportedCurrency": "USD",
            "grossProfit": "46821000000",
            "totalRevenue": "46821000000",
            "costOfRevenue": "26791000000",
            "costofGoodsAndServicesSold": "22736000000",
            "operatingIncome": "5321000000",
            "sellingGeneralAndAdministrative": "10345000000",
            "researchAndDevelopment": "None",
            "operatingExpenses": "19065000000",
            "investmentIncomeNet": "None",
            "netInterestIncome": "-2049000000",
            "interestIncome": "2008000000",
            "interestExpense": "2049000000",
            "nonInterestIncome": "-1000000",
            "otherNonOperatingIncome": "-104000000",
            "depreciation": "None",
            "depreciationAndAmortization": "8000000000",
            "incomeBeforeTax": "2828000000",
            "incomeTaxExpense": "434000000",
            "interestAndDebtExpense": "2049000000",
            "netIncomeFromContinuingOperations": "5321000000",
            "comprehensiveIncomeNetOfTax": "5727000000",
            "ebit": "4877000000",
            "ebitda": "12877000000",
            "netIncome": "2394000000"
        },
        {
            "fiscalDateEnding": "2019-09-30",
            "reportedCurrency": "USD",
            "grossProfit": "26333000000",
            "totalRevenue": "44588000000",
            "costOfRevenue": "18255000000",
            "costofGoodsAndServicesSold": "20154000000",
            "operatingIncome": "7901000000",
            "sellingGeneralAndAdministrative": "9584000000",
            "researchAndDevelopment": "None",
            "operatingExpenses": "9651000000",
            "investmentIncomeNet": "None",
            "netInterestIncome": "-2083000000",
            "interestIncome": "2067000000",
            "interestExpense": "2083000000",
            "nonInterestIncome": "74000000",
            "otherNonOperatingIncome": "-935000000",
            "depreciation": "None",
            "depreciationAndAmortization": "67000000",
            "incomeBeforeTax": "4637000000",
            "incomeTaxExpense": "937000000",
            "interestAndDebtExpense": "2083000000",
            "netIncomeFromContinuingOperations": "3949000000",
            "comprehensiveIncomeNetOfTax": "2548000000",
            "ebit": "6720000000",
            "ebitda": "6787000000",
            "netIncome": "3700000000"
        },
        {
            "fiscalDateEnding": "2019-06-30",
            "reportedCurrency": "USD",
            "grossProfit": "26392000000",
            "totalRevenue": "44957000000",
            "costOfRevenue": "18565000000",
            "costofGoodsAndServicesSold": "20512000000",
            "operatingIncome": "7500000000",
            "sellingGeneralAndAdministrative": "9844000000",
            "researchAndDevelopment": "None",
            "operatingExpenses": "9844000000",
            "investmentIncomeNet": "None",
            "netInterestIncome": "-2149000000",
            "interestIncome": "2128000000",
            "interestExpense": "2149000000",
            "nonInterestIncome": "None",
            "otherNonOperatingIncome": "-318000000",
            "depreciation": "None",
            "depreciationAndAmortization": "70000000",
            "incomeBeforeTax": "4812000000",
            "incomeTaxExpense": "1099000000",
            "interestAndDebtExpense": "2149000000",
            "netIncomeFromContinuingOperations": "3974000000",
            "comprehensiveIncomeNetOfTax": "2657000000",
            "ebit": "6961000000",
            "ebitda": "7031000000",
            "netIncome": "3713000000"
        },
        {
            "fiscalDateEnding": "2019-03-31",
            "reportedCurrency": "USD",
            "grossProfit": "-20375000000",
            "totalRevenue": "44827000000",
            "costOfRevenue": "18234000000",
            "costofGoodsAndServicesSold": "20739000000",
            "operatingIncome": "7233000000",
            "sellingGeneralAndAdministrative": "9649000000",
            "researchAndDevelopment": "None",
            "operatingExpenses": "10241000000",
            "investmentIncomeNet": "None",
            "netInterestIncome": "-2141000000",
            "interestIncome": "None",
            "interestExpense": "2141000000",
            "nonInterestIncome": "None",
            "otherNonOperatingIncome": "286000000",
            "depreciation": "None",
            "depreciationAndAmortization": "66000000",
            "incomeBeforeTax": "5119000000",
            "incomeTaxExpense": "1023000000",
            "interestAndDebtExpense": "2141000000",
            "netIncomeFromContinuingOperations": "4348000000",
            "comprehensiveIncomeNetOfTax": "4192000000",
            "ebit": "7260000000",
            "ebitda": "7326000000",
            "netIncome": "4096000000"
        },
        {
            "fiscalDateEnding": "2018-12-31",
            "reportedCurrency": "USD",
            "grossProfit": "47993000000",
            "totalRevenue": "47993000000",
            "costOfRevenue": "19277000000",
            "costofGoodsAndServicesSold": "23309000000",
            "operatingIncome": "6160000000",
            "sellingGeneralAndAdministrative": "10586000000",
            "researchAndDevelopment": "None",
            "operatingExpenses": "11137000000",
            "investmentIncomeNet": "None",
            "netInterestIncome": "-2112000000",
            "interestIncome": "None",
            "interestExpense": "2112000000",
            "nonInterestIncome": "None",
            "otherNonOperatingIncome": "1674000000",
            "depreciation": "None",
            "depreciationAndAmortization": "7892000000",
            "incomeBeforeTax": "5473000000",
            "incomeTaxExpense": "615000000",
            "interestAndDebtExpense": "2112000000",
            "netIncomeFromContinuingOperations": "6160000000",
            "comprehensiveIncomeNetOfTax": "3724000000",
            "ebit": "7585000000",
            "ebitda": "15477000000",
            "netIncome": "4858000000"
        },
        {
            "fiscalDateEnding": "2018-09-30",
            "reportedCurrency": "USD",
            "grossProfit": "27490000000",
            "totalRevenue": "45739000000",
            "costOfRevenue": "18249000000",
            "costofGoodsAndServicesSold": "8651000000",
            "operatingIncome": "7269000000",
            "sellingGeneralAndAdministrative": "9598000000",
            "researchAndDevelopment": "None",
            "operatingExpenses": "9598000000",
            "investmentIncomeNet": "None",
            "netInterestIncome": "-2051000000",
            "interestIncome": "None",
            "interestExpense": "2051000000",
            "nonInterestIncome": "None",
            "otherNonOperatingIncome": "1053000000",
            "depreciation": "None",
            "depreciationAndAmortization": "8166000000",
            "incomeBeforeTax": "6109000000",
            "incomeTaxExpense": "1391000000",
            "interestAndDebtExpense": "2051000000",
            "netIncomeFromContinuingOperations": "4816000000",
            "comprehensiveIncomeNetOfTax": "4385000000",
            "ebit": "8160000000",
            "ebitda": "16326000000",
            "netIncome": "4718000000"
        },
        {
            "fiscalDateEnding": "2018-06-30",
            "reportedCurrency": "USD",
            "grossProfit": "22670000000",
            "totalRevenue": "38986000000",
            "costOfRevenue": "16316000000",
            "costofGoodsAndServicesSold": "7632000000",
            "operatingIncome": "6466000000",
            "sellingGeneralAndAdministrative": "8684000000",
            "researchAndDevelopment": "None",
            "operatingExpenses": "8684000000",
            "investmentIncomeNet": "None",
            "netInterestIncome": "-2023000000",
            "interestIncome": "None",
            "interestExpense": "2023000000",
            "nonInterestIncome": "38986000000",
            "otherNonOperatingIncome": "2353000000",
            "depreciation": "None",
            "depreciationAndAmortization": "6378000000",
            "incomeBeforeTax": "6664000000",
            "incomeTaxExpense": "1532000000",
            "interestAndDebtExpense": "2023000000",
            "netIncomeFromContinuingOperations": "5248000000",
            "comprehensiveIncomeNetOfTax": "3465000000",
            "ebit": "8687000000",
            "ebitda": "15065000000",
            "netIncome": "5132000000"
        },
        {
            "fiscalDateEnding": "2018-03-31",
            "reportedCurrency": "USD",
            "grossProfit": "22209000000",
            "totalRevenue": "38038000000",
            "costOfRevenue": "15829000000",
            "costofGoodsAndServicesSold": "7932000000",
            "operatingIncome": "6201000000",
            "sellingGeneralAndAdministrative": "7897000000",
            "researchAndDevelopment": "None",
            "operatingExpenses": "8335000000",
            "investmentIncomeNet": "None",
            "netInterestIncome": "-1771000000",
            "interestIncome": "None",
            "interestExpense": "1771000000",
            "nonInterestIncome": "38090000000",
            "otherNonOperatingIncome": "1702000000",
            "depreciation": "None",
            "depreciationAndAmortization": "5994000000",
            "incomeBeforeTax": "6044000000",
            "incomeTaxExpense": "1382000000",
            "interestAndDebtExpense": "1771000000",
            "netIncomeFromContinuingOperations": "4759000000",
            "comprehensiveIncomeNetOfTax": "5686000000",
            "ebit": "7815000000",
            "ebitda": "13809000000",
            "netIncome": "4662000000"
        }
    ]
}