{
    "symbol": "TDG",
    "annualReports": [
        {
            "fiscalDateEnding": "2022-09-30",
            "reportedCurrency": "USD",
            "grossProfit": "3099000000",
            "totalRevenue": "5429000000",
            "costOfRevenue": "2330000000",
            "costofGoodsAndServicesSold": "2330000000",
            "operatingIncome": "2215000000",
            "sellingGeneralAndAdministrative": "748000000",
            "researchAndDevelopment": "94900000",
            "operatingExpenses": "993900000",
            "investmentIncomeNet": "None",
            "netInterestIncome": "-1076000000",
            "interestIncome": "1076000000",
            "interestExpense": "1076000000",
            "nonInterestIncome": "5476000000",
            "otherNonOperatingIncome": "-18000000",
            "depreciation": "116000000",
            "depreciationAndAmortization": "136000000",
            "incomeBeforeTax": "1127000000",
            "incomeTaxExpense": "261000000",
            "interestAndDebtExpense": "None",
            "netIncomeFromContinuingOperations": "865000000",
            "comprehensiveIncomeNetOfTax": "847000000",
            "ebit": "2215000000",
            "ebitda": "2351000000",
            "netIncome": "866000000"
        },
        {
            "fiscalDateEnding": "2021-09-30",
            "reportedCurrency": "USD",
            "grossProfit": "2513000000",
            "totalRevenue": "4798000000",
            "costOfRevenue": "2285000000",
            "costofGoodsAndServicesSold": "2285000000",
            "operatingIncome": "1691000000",
            "sellingGeneralAndAdministrative": "685000000",
            "researchAndDevelopment": "105600000",
            "operatingExpenses": "858600000",
            "investmentIncomeNet": "None",
            "netInterestIncome": "-1059000000",
            "interestIncome": "1059000000",
            "interestExpense": "1059000000",
            "nonInterestIncome": "4856000000",
            "otherNonOperatingIncome": "51000000",
            "depreciation": "115000000",
            "depreciationAndAmortization": "137000000",
            "incomeBeforeTax": "714000000",
            "incomeTaxExpense": "34000000",
            "interestAndDebtExpense": "None",
            "netIncomeFromContinuingOperations": "680000000",
            "comprehensiveIncomeNetOfTax": "833000000",
            "ebit": "1691000000",
            "ebitda": "1828000000",
            "netIncome": "680000000"
        },
        {
            "fiscalDateEnding": "2020-09-30",
            "reportedCurrency": "USD",
            "grossProfit": "2647000000",
            "totalRevenue": "5103000000",
            "costOfRevenue": "2456000000",
            "costofGoodsAndServicesSold": "2456000000",
            "operatingIncome": "1751000000",
            "sellingGeneralAndAdministrative": "727000000",
            "researchAndDevelopment": "130900000",
            "operatingExpenses": "1029900000",
            "investmentIncomeNet": "None",
            "netInterestIncome": "-1029000000",
            "interestIncome": "-1025000000",
            "interestExpense": "4000000",
            "nonInterestIncome": "5081000000",
            "otherNonOperatingIncome": "46000000",
            "depreciation": "114000000",
            "depreciationAndAmortization": "172000000",
            "incomeBeforeTax": "786000000",
            "incomeTaxExpense": "87000000",
            "interestAndDebtExpense": "4000000",
            "netIncomeFromContinuingOperations": "652000000",
            "comprehensiveIncomeNetOfTax": "677000000",
            "ebit": "1751000000",
            "ebitda": "962000000",
            "netIncome": "699000000"
        },
        {
            "fiscalDateEnding": "2019-09-30",
            "reportedCurrency": "USD",
            "grossProfit": "2809000000",
            "totalRevenue": "5223000000",
            "costOfRevenue": "2414000000",
            "costofGoodsAndServicesSold": "2414000000",
            "operatingIncome": "1926000000",
            "sellingGeneralAndAdministrative": "748000000",
            "researchAndDevelopment": "116800000",
            "operatingExpenses": "999525000",
            "investmentIncomeNet": "None",
            "netInterestIncome": "-859000000",
            "interestIncome": "859753000",
            "interestExpense": "859753000",
            "nonInterestIncome": "5000000",
            "otherNonOperatingIncome": "-1000000",
            "depreciation": "91000000",
            "depreciationAndAmortization": "134952000",
            "incomeBeforeTax": "1112000000",
            "incomeTaxExpense": "222000000",
            "interestAndDebtExpense": "None",
            "netIncomeFromContinuingOperations": "839000000",
            "comprehensiveIncomeNetOfTax": "507000000",
            "ebit": "1926000000",
            "ebitda": "2060952000",
            "netIncome": "890000000"
        },
        {
            "fiscalDateEnding": "2018-09-30",
            "reportedCurrency": "USD",
            "grossProfit": "2177000000",
            "totalRevenue": "3811000000",
            "costOfRevenue": "1634000000",
            "costofGoodsAndServicesSold": "1634000000",
            "operatingIncome": "1655000000",
            "sellingGeneralAndAdministrative": "450000000",
            "researchAndDevelopment": "73800000",
            "operatingExpenses": "596349000",
            "investmentIncomeNet": "None",
            "netInterestIncome": "-663000000",
            "interestIncome": "663008000",
            "interestExpense": "663008000",
            "nonInterestIncome": "None",
            "otherNonOperatingIncome": "0",
            "depreciation": "57000000",
            "depreciationAndAmortization": "72454000",
            "incomeBeforeTax": "981000000",
            "incomeTaxExpense": "24000000",
            "interestAndDebtExpense": "None",
            "netIncomeFromContinuingOperations": "962000000",
            "comprehensiveIncomeNetOfTax": "1046000000",
            "ebit": "1655000000",
            "ebitda": "1727454000",
            "netIncome": "957000000"
        }
    ],
    "quarterlyReports": [
        {
            "fiscalDateEnding": "2022-12-31",
            "reportedCurrency": "USD",
            "grossProfit": "793000000",
            "totalRevenue": "1397000000",
            "costOfRevenue": "604000000",
            "costofGoodsAndServicesSold": "604000000",
            "operatingIncome": "590000000",
            "sellingGeneralAndAdministrative": "169000000",
            "researchAndDevelopment": "None",
            "operatingExpenses": "203000000",
            "investmentIncomeNet": "None",
            "netInterestIncome": "-286000000",
            "interestIncome": "286000000",
            "interestExpense": "286000000",
            "nonInterestIncome": "-18000000",
            "otherNonOperatingIncome": "1000000",
            "depreciation": "29000000",
            "depreciationAndAmortization": "34000000",
            "incomeBeforeTax": "300000000",
            "incomeTaxExpense": "72000000",
            "interestAndDebtExpense": "None",
            "netIncomeFromContinuingOperations": "228000000",
            "comprehensiveIncomeNetOfTax": "387000000",
            "ebit": "590000000",
            "ebitda": "624000000",
            "netIncome": "228000000"
        },
        {
            "fiscalDateEnding": "2022-09-30",
            "reportedCurrency": "USD",
            "grossProfit": "886000000",
            "totalRevenue": "1510000000",
            "costOfRevenue": "624000000",
            "costofGoodsAndServicesSold": "624000000",
            "operatingIncome": "641000000",
            "sellingGeneralAndAdministrative": "211000000",
            "researchAndDevelopment": "None",
            "operatingExpenses": "225000000",
            "investmentIncomeNet": "None",
            "netInterestIncome": "-277000000",
            "interestIncome": "277000000",
            "interestExpense": "277000000",
            "nonInterestIncome": "None",
            "otherNonOperatingIncome": "-3000000",
            "depreciation": "31000000",
            "depreciationAndAmortization": "63000000",
            "incomeBeforeTax": "362000000",
            "incomeTaxExpense": "96000000",
            "interestAndDebtExpense": "None",
            "netIncomeFromContinuingOperations": "266000000",
            "comprehensiveIncomeNetOfTax": "197000000",
            "ebit": "641000000",
            "ebitda": "704000000",
            "netIncome": "266000000"
        },
        {
            "fiscalDateEnding": "2022-06-30",
            "reportedCurrency": "USD",
            "grossProfit": "816000000",
            "totalRevenue": "1398000000",
            "costOfRevenue": "582000000",
            "costofGoodsAndServicesSold": "582000000",
            "operatingIncome": "599000000",
            "sellingGeneralAndAdministrative": "184000000",
            "researchAndDevelopment": "None",
            "operatingExpenses": "217000000",
            "investmentIncomeNet": "None",
            "netInterestIncome": "-269000000",
            "interestIncome": "269000000",
            "interestExpense": "269000000",
            "nonInterestIncome": "None",
            "otherNonOperatingIncome": "-21000000",
            "depreciation": "27000000",
            "depreciationAndAmortization": "42000000",
            "incomeBeforeTax": "311000000",
            "incomeTaxExpense": "73000000",
            "interestAndDebtExpense": "None",
            "netIncomeFromContinuingOperations": "238000000",
            "comprehensiveIncomeNetOfTax": "113000000",
            "ebit": "599000000",
            "ebitda": "641000000",
            "netIncome": "238000000"
        },
        {
            "fiscalDateEnding": "2022-03-31",
            "reportedCurrency": "USD",
            "grossProfit": "736000000",
            "totalRevenue": "1327000000",
            "costOfRevenue": "591000000",
            "costofGoodsAndServicesSold": "591000000",
            "operatingIncome": "520000000",
            "sellingGeneralAndAdministrative": "183000000",
            "researchAndDevelopment": "None",
            "operatingExpenses": "210000000",
            "investmentIncomeNet": "None",
            "netInterestIncome": "-266000000",
            "interestIncome": "266000000",
            "interestExpense": "266000000",
            "nonInterestIncome": "None",
            "otherNonOperatingIncome": "6000000",
            "depreciation": "29000000",
            "depreciationAndAmortization": "68000000",
            "incomeBeforeTax": "260000000",
            "incomeTaxExpense": "61000000",
            "interestAndDebtExpense": "None",
            "netIncomeFromContinuingOperations": "199000000",
            "comprehensiveIncomeNetOfTax": "326000000",
            "ebit": "520000000",
            "ebitda": "588000000",
            "netIncome": "199000000"
        },
        {
            "fiscalDateEnding": "2021-12-31",
            "reportedCurrency": "USD",
            "grossProfit": "661000000",
            "totalRevenue": "1194000000",
            "costOfRevenue": "533000000",
            "costofGoodsAndServicesSold": "533000000",
            "operatingIncome": "455000000",
            "sellingGeneralAndAdministrative": "170000000",
            "researchAndDevelopment": "None",
            "operatingExpenses": "206000000",
            "investmentIncomeNet": "None",
            "netInterestIncome": "-264000000",
            "interestIncome": "264000000",
            "interestExpense": "264000000",
            "nonInterestIncome": "1000000",
            "otherNonOperatingIncome": "2000000",
            "depreciation": "29000000",
            "depreciationAndAmortization": "36000000",
            "incomeBeforeTax": "193000000",
            "incomeTaxExpense": "30000000",
            "interestAndDebtExpense": "None",
            "netIncomeFromContinuingOperations": "162000000",
            "comprehensiveIncomeNetOfTax": "211000000",
            "ebit": "455000000",
            "ebitda": "491000000",
            "netIncome": "163000000"
        },
        {
            "fiscalDateEnding": "2021-09-30",
            "reportedCurrency": "USD",
            "grossProfit": "725000000",
            "totalRevenue": "1279000000",
            "costOfRevenue": "554000000",
            "costofGoodsAndServicesSold": "554000000",
            "operatingIncome": "535000000",
            "sellingGeneralAndAdministrative": "154000000",
            "researchAndDevelopment": "None",
            "operatingExpenses": "295600000",
            "investmentIncomeNet": "None",
            "netInterestIncome": "-261000000",
            "interestIncome": "261000000",
            "interestExpense": "261000000",
            "nonInterestIncome": "4807000000",
            "otherNonOperatingIncome": "14000000",
            "depreciation": "28000000",
            "depreciationAndAmortization": "36000000",
            "incomeBeforeTax": "288000000",
            "incomeTaxExpense": "79000000",
            "interestAndDebtExpense": "None",
            "netIncomeFromContinuingOperations": "209000000",
            "comprehensiveIncomeNetOfTax": "183000000",
            "ebit": "535000000",
            "ebitda": "571000000",
            "netIncome": "209000000"
        },
        {
            "fiscalDateEnding": "2021-06-30",
            "reportedCurrency": "USD",
            "grossProfit": "655000000",
            "totalRevenue": "1218000000",
            "costOfRevenue": "563000000",
            "costofGoodsAndServicesSold": "563000000",
            "operatingIncome": "447000000",
            "sellingGeneralAndAdministrative": "172000000",
            "researchAndDevelopment": "None",
            "operatingExpenses": "140000000",
            "investmentIncomeNet": "None",
            "netInterestIncome": "-263000000",
            "interestIncome": "263000000",
            "interestExpense": "263000000",
            "nonInterestIncome": "68000000",
            "otherNonOperatingIncome": "5000000",
            "depreciation": "29000000",
            "depreciationAndAmortization": "36000000",
            "incomeBeforeTax": "244000000",
            "incomeTaxExpense": "-73000000",
            "interestAndDebtExpense": "None",
            "netIncomeFromContinuingOperations": "317000000",
            "comprehensiveIncomeNetOfTax": "329000000",
            "ebit": "447000000",
            "ebitda": "483000000",
            "netIncome": "317000000"
        },
        {
            "fiscalDateEnding": "2021-03-31",
            "reportedCurrency": "USD",
            "grossProfit": "592000000",
            "totalRevenue": "1194000000",
            "costOfRevenue": "602000000",
            "costofGoodsAndServicesSold": "602000000",
            "operatingIncome": "394000000",
            "sellingGeneralAndAdministrative": "162000000",
            "researchAndDevelopment": "None",
            "operatingExpenses": "198000000",
            "investmentIncomeNet": "None",
            "netInterestIncome": "-268000000",
            "interestIncome": "268000000",
            "interestExpense": "268000000",
            "nonInterestIncome": "0",
            "otherNonOperatingIncome": "28000000",
            "depreciation": "29000000",
            "depreciationAndAmortization": "36000000",
            "incomeBeforeTax": "129000000",
            "incomeTaxExpense": "25000000",
            "interestAndDebtExpense": "None",
            "netIncomeFromContinuingOperations": "104000000",
            "comprehensiveIncomeNetOfTax": "147000000",
            "ebit": "394000000",
            "ebitda": "430000000",
            "netIncome": "104000000"
        },
        {
            "fiscalDateEnding": "2020-12-31",
            "reportedCurrency": "USD",
            "grossProfit": "541000000",
            "totalRevenue": "1108000000",
            "costOfRevenue": "567000000",
            "costofGoodsAndServicesSold": "567000000",
            "operatingIncome": "315000000",
            "sellingGeneralAndAdministrative": "197000000",
            "researchAndDevelopment": "None",
            "operatingExpenses": "226000000",
            "investmentIncomeNet": "None",
            "netInterestIncome": "-267000000",
            "interestIncome": "267000000",
            "interestExpense": "267000000",
            "nonInterestIncome": "-22000000",
            "otherNonOperatingIncome": "5000000",
            "depreciation": "29000000",
            "depreciationAndAmortization": "29000000",
            "incomeBeforeTax": "53000000",
            "incomeTaxExpense": "3000000",
            "interestAndDebtExpense": "None",
            "netIncomeFromContinuingOperations": "50000000",
            "comprehensiveIncomeNetOfTax": "174000000",
            "ebit": "315000000",
            "ebitda": "344000000",
            "netIncome": "50000000"
        },
        {
            "fiscalDateEnding": "2020-09-30",
            "reportedCurrency": "USD",
            "grossProfit": "536000000",
            "totalRevenue": "1173000000",
            "costOfRevenue": "637000000",
            "costofGoodsAndServicesSold": "637000000",
            "operatingIncome": "312000000",
            "sellingGeneralAndAdministrative": "183000000",
            "researchAndDevelopment": "None",
            "operatingExpenses": "381900000",
            "investmentIncomeNet": "None",
            "netInterestIncome": "-267000000",
            "interestIncome": "-266000000",
            "interestExpense": "1000000",
            "nonInterestIncome": "5086000000",
            "otherNonOperatingIncome": "32000000",
            "depreciation": "31000000",
            "depreciationAndAmortization": "42000000",
            "incomeBeforeTax": "57000000",
            "incomeTaxExpense": "-25000000",
            "interestAndDebtExpense": "1000000",
            "netIncomeFromContinuingOperations": "101000000",
            "comprehensiveIncomeNetOfTax": "171000000",
            "ebit": "312000000",
            "ebitda": "100000000",
            "netIncome": "82000000"
        },
        {
            "fiscalDateEnding": "2020-06-30",
            "reportedCurrency": "USD",
            "grossProfit": "491000000",
            "totalRevenue": "1022000000",
            "costOfRevenue": "531000000",
            "costofGoodsAndServicesSold": "531000000",
            "operatingIncome": "286000000",
            "sellingGeneralAndAdministrative": "163000000",
            "researchAndDevelopment": "None",
            "operatingExpenses": "206000000",
            "investmentIncomeNet": "None",
            "netInterestIncome": "-262000000",
            "interestIncome": "-261000000",
            "interestExpense": "1000000",
            "nonInterestIncome": "0",
            "otherNonOperatingIncome": "11000000",
            "depreciation": "28000000",
            "depreciationAndAmortization": "43000000",
            "incomeBeforeTax": "33000000",
            "incomeTaxExpense": "39000000",
            "interestAndDebtExpense": "1000000",
            "netIncomeFromContinuingOperations": "-5000000",
            "comprehensiveIncomeNetOfTax": "7000000",
            "ebit": "286000000",
            "ebitda": "77000000",
            "netIncome": "-6000000"
        },
        {
            "fiscalDateEnding": "2020-03-31",
            "reportedCurrency": "USD",
            "grossProfit": "818000000",
            "totalRevenue": "1443000000",
            "costOfRevenue": "625000000",
            "costofGoodsAndServicesSold": "625000000",
            "operatingIncome": "592000000",
            "sellingGeneralAndAdministrative": "180000000",
            "researchAndDevelopment": "None",
            "operatingExpenses": "227000000",
            "investmentIncomeNet": "None",
            "netInterestIncome": "-252000000",
            "interestIncome": "-251000000",
            "interestExpense": "1000000",
            "nonInterestIncome": "None",
            "otherNonOperatingIncome": "0",
            "depreciation": "26000000",
            "depreciationAndAmortization": "47000000",
            "incomeBeforeTax": "333000000",
            "incomeTaxExpense": "14000000",
            "interestAndDebtExpense": "1000000",
            "netIncomeFromContinuingOperations": "323000000",
            "comprehensiveIncomeNetOfTax": "68000000",
            "ebit": "592000000",
            "ebitda": "381000000",
            "netIncome": "319000000"
        },
        {
            "fiscalDateEnding": "2019-12-31",
            "reportedCurrency": "USD",
            "grossProfit": "801000000",
            "totalRevenue": "1465000000",
            "costOfRevenue": "664000000",
            "costofGoodsAndServicesSold": "664000000",
            "operatingIncome": "560000000",
            "sellingGeneralAndAdministrative": "201000000",
            "researchAndDevelopment": "None",
            "operatingExpenses": "242000000",
            "investmentIncomeNet": "None",
            "netInterestIncome": "-248000000",
            "interestIncome": "-247000000",
            "interestExpense": "1000000",
            "nonInterestIncome": "None",
            "otherNonOperatingIncome": "3000000",
            "depreciation": "29000000",
            "depreciationAndAmortization": "41000000",
            "incomeBeforeTax": "363000000",
            "incomeTaxExpense": "59000000",
            "interestAndDebtExpense": "1000000",
            "netIncomeFromContinuingOperations": "233000000",
            "comprehensiveIncomeNetOfTax": "431000000",
            "ebit": "560000000",
            "ebitda": "405000000",
            "netIncome": "304000000"
        },
        {
            "fiscalDateEnding": "2019-09-30",
            "reportedCurrency": "USD",
            "grossProfit": "882000000",
            "totalRevenue": "1541000000",
            "costOfRevenue": "659000000",
            "costofGoodsAndServicesSold": "659000000",
            "operatingIncome": "614000000",
            "sellingGeneralAndAdministrative": "213000000",
            "researchAndDevelopment": "None",
            "operatingExpenses": "353232000",
            "investmentIncomeNet": "None",
            "netInterestIncome": "-245000000",
            "interestIncome": "245052000",
            "interestExpense": "245052000",
            "nonInterestIncome": "None",
            "otherNonOperatingIncome": "-2000000",
            "depreciation": "34000000",
            "depreciationAndAmortization": "49966000",
            "incomeBeforeTax": "397000000",
            "incomeTaxExpense": "50000000",
            "interestAndDebtExpense": "None",
            "netIncomeFromContinuingOperations": "315000000",
            "comprehensiveIncomeNetOfTax": "144000000",
            "ebit": "614000000",
            "ebitda": "663966000",
            "netIncome": "347000000"
        },
        {
            "fiscalDateEnding": "2019-06-30",
            "reportedCurrency": "USD",
            "grossProfit": "713000000",
            "totalRevenue": "1521000000",
            "costOfRevenue": "808000000",
            "costofGoodsAndServicesSold": "808000000",
            "operatingIncome": "423000000",
            "sellingGeneralAndAdministrative": "252000000",
            "researchAndDevelopment": "None",
            "operatingExpenses": "316446000",
            "investmentIncomeNet": "None",
            "netInterestIncome": "-241000000",
            "interestIncome": "241000000",
            "interestExpense": "241292000",
            "nonInterestIncome": "None",
            "otherNonOperatingIncome": "1000000",
            "depreciation": "25000000",
            "depreciationAndAmortization": "41889000",
            "incomeBeforeTax": "200000000",
            "incomeTaxExpense": "55000000",
            "interestAndDebtExpense": "None",
            "netIncomeFromContinuingOperations": "128000000",
            "comprehensiveIncomeNetOfTax": "126000000",
            "ebit": "423000000",
            "ebitda": "464889000",
            "netIncome": "145000000"
        },
        {
            "fiscalDateEnding": "2019-03-31",
            "reportedCurrency": "USD",
            "grossProfit": "650000000",
            "totalRevenue": "1168000000",
            "costOfRevenue": "518000000",
            "costofGoodsAndServicesSold": "518000000",
            "operatingIncome": "468000000",
            "sellingGeneralAndAdministrative": "160000000",
            "researchAndDevelopment": "None",
            "operatingExpenses": "187429000",
            "investmentIncomeNet": "None",
            "netInterestIncome": "-202000000",
            "interestIncome": "None",
            "interestExpense": "201409000",
            "nonInterestIncome": "None",
            "otherNonOperatingIncome": "0",
            "depreciation": "17000000",
            "depreciationAndAmortization": "23063000",
            "incomeBeforeTax": "265000000",
            "incomeTaxExpense": "63000000",
            "interestAndDebtExpense": "None",
            "netIncomeFromContinuingOperations": "200000000",
            "comprehensiveIncomeNetOfTax": "126000000",
            "ebit": "468000000",
            "ebitda": "491063000",
            "netIncome": "202000000"
        },
        {
            "fiscalDateEnding": "2018-12-31",
            "reportedCurrency": "USD",
            "grossProfit": "564000000",
            "totalRevenue": "993000000",
            "costOfRevenue": "429000000",
            "costofGoodsAndServicesSold": "429000000",
            "operatingIncome": "422000000",
            "sellingGeneralAndAdministrative": "122000000",
            "researchAndDevelopment": "None",
            "operatingExpenses": "142183000",
            "investmentIncomeNet": "None",
            "netInterestIncome": "-172000000",
            "interestIncome": "None",
            "interestExpense": "172000000",
            "nonInterestIncome": "None",
            "otherNonOperatingIncome": "0",
            "depreciation": "15000000",
            "depreciationAndAmortization": "20000000",
            "incomeBeforeTax": "250000000",
            "incomeTaxExpense": "54000000",
            "interestAndDebtExpense": "None",
            "netIncomeFromContinuingOperations": "196000000",
            "comprehensiveIncomeNetOfTax": "111000000",
            "ebit": "422000000",
            "ebitda": "442000000",
            "netIncome": "196000000"
        },
        {
            "fiscalDateEnding": "2018-09-30",
            "reportedCurrency": "USD",
            "grossProfit": "596756000",
            "totalRevenue": "1049308000",
            "costOfRevenue": "452552000",
            "costofGoodsAndServicesSold": "452552000",
            "operatingIncome": "454757000",
            "sellingGeneralAndAdministrative": "123792000",
            "researchAndDevelopment": "73800000",
            "operatingExpenses": "215476000",
            "investmentIncomeNet": "None",
            "netInterestIncome": "-173224000",
            "interestIncome": "None",
            "interestExpense": "173232000",
            "nonInterestIncome": "None",
            "otherNonOperatingIncome": "865000",
            "depreciation": "15752000",
            "depreciationAndAmortization": "18654000",
            "incomeBeforeTax": "280251000",
            "incomeTaxExpense": "51550000",
            "interestAndDebtExpense": "None",
            "netIncomeFromContinuingOperations": "230758000",
            "comprehensiveIncomeNetOfTax": "256275000",
            "ebit": "454757000",
            "ebitda": "473411000",
            "netIncome": "228701000"
        },
        {
            "fiscalDateEnding": "2018-06-30",
            "reportedCurrency": "USD",
            "grossProfit": "569520000",
            "totalRevenue": "980662000",
            "costOfRevenue": "411142000",
            "costofGoodsAndServicesSold": "411142000",
            "operatingIncome": "437480000",
            "sellingGeneralAndAdministrative": "112816000",
            "researchAndDevelopment": "None",
            "operatingExpenses": "132243000",
            "investmentIncomeNet": "None",
            "netInterestIncome": "-167577000",
            "interestIncome": "None",
            "interestExpense": "167577000",
            "nonInterestIncome": "None",
            "otherNonOperatingIncome": "-203000",
            "depreciation": "14521000",
            "depreciationAndAmortization": "19224000",
            "incomeBeforeTax": "265396000",
            "incomeTaxExpense": "48150000",
            "interestAndDebtExpense": "None",
            "netIncomeFromContinuingOperations": "217391000",
            "comprehensiveIncomeNetOfTax": "187010000",
            "ebit": "437480000",
            "ebitda": "456704000",
            "netIncome": "217246000"
        },
        {
            "fiscalDateEnding": "2018-03-31",
            "reportedCurrency": "USD",
            "grossProfit": "534074000",
            "totalRevenue": "771804000",
            "costOfRevenue": "523979000",
            "costofGoodsAndServicesSold": "398996000",
            "operatingIncome": "409091000",
            "sellingGeneralAndAdministrative": "107526000",
            "researchAndDevelopment": "None",
            "operatingExpenses": "124983000",
            "investmentIncomeNet": "None",
            "netInterestIncome": "-161266000",
            "interestIncome": "None",
            "interestExpense": "161266000",
            "nonInterestIncome": "None",
            "otherNonOperatingIncome": "638000",
            "depreciation": "13342000",
            "depreciationAndAmortization": "17457000",
            "incomeBeforeTax": "241625000",
            "incomeTaxExpense": "45347000",
            "interestAndDebtExpense": "None",
            "netIncomeFromContinuingOperations": "201840000",
            "comprehensiveIncomeNetOfTax": "264540000",
            "ebit": "409091000",
            "ebitda": "426548000",
            "netIncome": "196278000"
        }
    ]
}