{
    "symbol": "TEL",
    "annualReports": [
        {
            "fiscalDateEnding": "2022-09-30",
            "reportedCurrency": "USD",
            "grossProfit": "5244000000",
            "totalRevenue": "16215000000",
            "costOfRevenue": "12950000000",
            "costofGoodsAndServicesSold": "11037000000",
            "operatingIncome": "2756000000",
            "sellingGeneralAndAdministrative": "1584000000",
            "researchAndDevelopment": "610000000",
            "operatingExpenses": "2523000000",
            "investmentIncomeNet": "None",
            "netInterestIncome": "-66000000",
            "interestIncome": "51000000",
            "interestExpense": "66000000",
            "nonInterestIncome": "16281000000",
            "otherNonOperatingIncome": "28000000",
            "depreciation": "593000000",
            "depreciationAndAmortization": "192000000",
            "incomeBeforeTax": "2734000000",
            "incomeTaxExpense": "306000000",
            "interestAndDebtExpense": "66000000",
            "netIncomeFromContinuingOperations": "2427000000",
            "comprehensiveIncomeNetOfTax": "2101000000",
            "ebit": "2800000000",
            "ebitda": "2992000000",
            "netIncome": "2428000000"
        },
        {
            "fiscalDateEnding": "2021-09-30",
            "reportedCurrency": "USD",
            "grossProfit": "4887000000",
            "totalRevenue": "14867000000",
            "costOfRevenue": "11949000000",
            "costofGoodsAndServicesSold": "10036000000",
            "operatingIncome": "2434000000",
            "sellingGeneralAndAdministrative": "1512000000",
            "researchAndDevelopment": "612000000",
            "operatingExpenses": "2525000000",
            "investmentIncomeNet": "None",
            "netInterestIncome": "-56000000",
            "interestIncome": "17000000",
            "interestExpense": "56000000",
            "nonInterestIncome": "14923000000",
            "otherNonOperatingIncome": "-17000000",
            "depreciation": "576000000",
            "depreciationAndAmortization": "193000000",
            "incomeBeforeTax": "2384000000",
            "incomeTaxExpense": "123000000",
            "interestAndDebtExpense": "56000000",
            "netIncomeFromContinuingOperations": "2255000000",
            "comprehensiveIncomeNetOfTax": "2538000000",
            "ebit": "2440000000",
            "ebitda": "2633000000",
            "netIncome": "2261000000"
        },
        {
            "fiscalDateEnding": "2020-09-30",
            "reportedCurrency": "USD",
            "grossProfit": "3735000000",
            "totalRevenue": "12124000000",
            "costOfRevenue": "11168000000",
            "costofGoodsAndServicesSold": "8437000000",
            "operatingIncome": "537000000",
            "sellingGeneralAndAdministrative": "1392000000",
            "researchAndDevelopment": "539000000",
            "operatingExpenses": "3270000000",
            "investmentIncomeNet": "None",
            "netInterestIncome": "-48000000",
            "interestIncome": "33000000",
            "interestExpense": "48000000",
            "nonInterestIncome": "12172000000",
            "otherNonOperatingIncome": "20000000",
            "depreciation": "529000000",
            "depreciationAndAmortization": "182000000",
            "incomeBeforeTax": "542000000",
            "incomeTaxExpense": "783000000",
            "interestAndDebtExpense": "48000000",
            "netIncomeFromContinuingOperations": "-259000000",
            "comprehensiveIncomeNetOfTax": "-183000000",
            "ebit": "590000000",
            "ebitda": "772000000",
            "netIncome": "-241000000"
        },
        {
            "fiscalDateEnding": "2019-09-30",
            "reportedCurrency": "USD",
            "grossProfit": "4394000000",
            "totalRevenue": "13380000000",
            "costOfRevenue": "10979000000",
            "costofGoodsAndServicesSold": "9054000000",
            "operatingIncome": "1978000000",
            "sellingGeneralAndAdministrative": "1490000000",
            "researchAndDevelopment": "572000000",
            "operatingExpenses": "2497000000",
            "investmentIncomeNet": "None",
            "netInterestIncome": "-68000000",
            "interestIncome": "19000000",
            "interestExpense": "68000000",
            "nonInterestIncome": "13448000000",
            "otherNonOperatingIncome": "2000000",
            "depreciation": "510000000",
            "depreciationAndAmortization": "180000000",
            "incomeBeforeTax": "1829000000",
            "incomeTaxExpense": "-15000000",
            "interestAndDebtExpense": "68000000",
            "netIncomeFromContinuingOperations": "1946000000",
            "comprehensiveIncomeNetOfTax": "1647000000",
            "ebit": "1897000000",
            "ebitda": "2077000000",
            "netIncome": "1844000000"
        },
        {
            "fiscalDateEnding": "2018-09-30",
            "reportedCurrency": "USD",
            "grossProfit": "4745000000",
            "totalRevenue": "13881000000",
            "costOfRevenue": "11157000000",
            "costofGoodsAndServicesSold": "9243000000",
            "operatingIncome": "2331000000",
            "sellingGeneralAndAdministrative": "1594000000",
            "researchAndDevelopment": "606000000",
            "operatingExpenses": "2520000000",
            "investmentIncomeNet": "None",
            "netInterestIncome": "-107000000",
            "interestIncome": "92000000",
            "interestExpense": "107000000",
            "nonInterestIncome": "13988000000",
            "otherNonOperatingIncome": "1000000",
            "depreciation": "487000000",
            "depreciationAndAmortization": "180000000",
            "incomeBeforeTax": "2221000000",
            "incomeTaxExpense": "-344000000",
            "interestAndDebtExpense": "107000000",
            "netIncomeFromContinuingOperations": "2584000000",
            "comprehensiveIncomeNetOfTax": "2457000000",
            "ebit": "2328000000",
            "ebitda": "2508000000",
            "netIncome": "2565000000"
        }
    ],
    "quarterlyReports": [
        {
            "fiscalDateEnding": "2023-03-31",
            "reportedCurrency": "USD",
            "grossProfit": "1284000000",
            "totalRevenue": "4140000000",
            "costOfRevenue": "3422000000",
            "costofGoodsAndServicesSold": "2876000000",
            "operatingIncome": "537000000",
            "sellingGeneralAndAdministrative": "435000000",
            "researchAndDevelopment": "185000000",
            "operatingExpenses": "546000000",
            "investmentIncomeNet": "None",
            "netInterestIncome": "-20000000",
            "interestIncome": "12000000",
            "interestExpense": "20000000",
            "nonInterestIncome": "4160000000",
            "otherNonOperatingIncome": "-4000000",
            "depreciation": "None",
            "depreciationAndAmortization": "49000000",
            "incomeBeforeTax": "533000000",
            "incomeTaxExpense": "100000000",
            "interestAndDebtExpense": "20000000",
            "netIncomeFromContinuingOperations": "425000000",
            "comprehensiveIncomeNetOfTax": "548000000",
            "ebit": "553000000",
            "ebitda": "602000000",
            "netIncome": "433000000"
        },
        {
            "fiscalDateEnding": "2022-12-31",
            "reportedCurrency": "USD",
            "grossProfit": "1187000000",
            "totalRevenue": "3820000000",
            "costOfRevenue": "3196000000",
            "costofGoodsAndServicesSold": "2654000000",
            "operatingIncome": "502000000",
            "sellingGeneralAndAdministrative": "392000000",
            "researchAndDevelopment": "173000000",
            "operatingExpenses": "542000000",
            "investmentIncomeNet": "None",
            "netInterestIncome": "-21000000",
            "interestIncome": "12000000",
            "interestExpense": "21000000",
            "nonInterestIncome": "3841000000",
            "otherNonOperatingIncome": "-5000000",
            "depreciation": "None",
            "depreciationAndAmortization": "46000000",
            "incomeBeforeTax": "484000000",
            "incomeTaxExpense": "87000000",
            "interestAndDebtExpense": "21000000",
            "netIncomeFromContinuingOperations": "398000000",
            "comprehensiveIncomeNetOfTax": "764000000",
            "ebit": "505000000",
            "ebitda": "551000000",
            "netIncome": "397000000"
        },
        {
            "fiscalDateEnding": "2022-09-30",
            "reportedCurrency": "USD",
            "grossProfit": "1349000000",
            "totalRevenue": "4341000000",
            "costOfRevenue": "3537000000",
            "costofGoodsAndServicesSold": "3010000000",
            "operatingIncome": "660000000",
            "sellingGeneralAndAdministrative": "412000000",
            "researchAndDevelopment": "179000000",
            "operatingExpenses": "1137000000",
            "investmentIncomeNet": "None",
            "netInterestIncome": "-18000000",
            "interestIncome": "12000000",
            "interestExpense": "18000000",
            "nonInterestIncome": "4359000000",
            "otherNonOperatingIncome": "4000000",
            "depreciation": "None",
            "depreciationAndAmortization": "47000000",
            "incomeBeforeTax": "652000000",
            "incomeTaxExpense": "-56000000",
            "interestAndDebtExpense": "18000000",
            "netIncomeFromContinuingOperations": "708000000",
            "comprehensiveIncomeNetOfTax": "639000000",
            "ebit": "670000000",
            "ebitda": "717000000",
            "netIncome": "708000000"
        },
        {
            "fiscalDateEnding": "2022-06-30",
            "reportedCurrency": "USD",
            "grossProfit": "1328000000",
            "totalRevenue": "4079000000",
            "costOfRevenue": "3236000000",
            "costofGoodsAndServicesSold": "2769000000",
            "operatingIncome": "719000000",
            "sellingGeneralAndAdministrative": "393000000",
            "researchAndDevelopment": "179000000",
            "operatingExpenses": "467000000",
            "investmentIncomeNet": "None",
            "netInterestIncome": "-18000000",
            "interestIncome": "3000000",
            "interestExpense": "18000000",
            "nonInterestIncome": "4097000000",
            "otherNonOperatingIncome": "4000000",
            "depreciation": "None",
            "depreciationAndAmortization": "48000000",
            "incomeBeforeTax": "710000000",
            "incomeTaxExpense": "116000000",
            "interestAndDebtExpense": "18000000",
            "netIncomeFromContinuingOperations": "592000000",
            "comprehensiveIncomeNetOfTax": "265000000",
            "ebit": "728000000",
            "ebitda": "776000000",
            "netIncome": "594000000"
        },
        {
            "fiscalDateEnding": "2022-03-31",
            "reportedCurrency": "USD",
            "grossProfit": "1337000000",
            "totalRevenue": "3989000000",
            "costOfRevenue": "3157000000",
            "costofGoodsAndServicesSold": "2670000000",
            "operatingIncome": "705000000",
            "sellingGeneralAndAdministrative": "416000000",
            "researchAndDevelopment": "185000000",
            "operatingExpenses": "487000000",
            "investmentIncomeNet": "None",
            "netInterestIncome": "-18000000",
            "interestIncome": "4000000",
            "interestExpense": "18000000",
            "nonInterestIncome": "4007000000",
            "otherNonOperatingIncome": "5000000",
            "depreciation": "None",
            "depreciationAndAmortization": "49000000",
            "incomeBeforeTax": "696000000",
            "incomeTaxExpense": "136000000",
            "interestAndDebtExpense": "18000000",
            "netIncomeFromContinuingOperations": "560000000",
            "comprehensiveIncomeNetOfTax": "602000000",
            "ebit": "714000000",
            "ebitda": "763000000",
            "netIncome": "560000000"
        },
        {
            "fiscalDateEnding": "2021-12-31",
            "reportedCurrency": "USD",
            "grossProfit": "1230000000",
            "totalRevenue": "3806000000",
            "costOfRevenue": "3020000000",
            "costofGoodsAndServicesSold": "2588000000",
            "operatingIncome": "672000000",
            "sellingGeneralAndAdministrative": "363000000",
            "researchAndDevelopment": "175000000",
            "operatingExpenses": "432000000",
            "investmentIncomeNet": "None",
            "netInterestIncome": "-12000000",
            "interestIncome": "2000000",
            "interestExpense": "12000000",
            "nonInterestIncome": "3818000000",
            "otherNonOperatingIncome": "15000000",
            "depreciation": "None",
            "depreciationAndAmortization": "48000000",
            "incomeBeforeTax": "676000000",
            "incomeTaxExpense": "110000000",
            "interestAndDebtExpense": "12000000",
            "netIncomeFromContinuingOperations": "567000000",
            "comprehensiveIncomeNetOfTax": "595000000",
            "ebit": "688000000",
            "ebitda": "736000000",
            "netIncome": "566000000"
        },
        {
            "fiscalDateEnding": "2021-09-30",
            "reportedCurrency": "USD",
            "grossProfit": "1263000000",
            "totalRevenue": "3804000000",
            "costOfRevenue": "3026000000",
            "costofGoodsAndServicesSold": "2555000000",
            "operatingIncome": "660000000",
            "sellingGeneralAndAdministrative": "384000000",
            "researchAndDevelopment": "173000000",
            "operatingExpenses": "1083000000",
            "investmentIncomeNet": "None",
            "netInterestIncome": "-14000000",
            "interestIncome": "3000000",
            "interestExpense": "14000000",
            "nonInterestIncome": "3818000000",
            "otherNonOperatingIncome": "-22000000",
            "depreciation": "None",
            "depreciationAndAmortization": "49000000",
            "incomeBeforeTax": "627000000",
            "incomeTaxExpense": "-167000000",
            "interestAndDebtExpense": "14000000",
            "netIncomeFromContinuingOperations": "794000000",
            "comprehensiveIncomeNetOfTax": "842000000",
            "ebit": "641000000",
            "ebitda": "690000000",
            "netIncome": "794000000"
        },
        {
            "fiscalDateEnding": "2021-06-30",
            "reportedCurrency": "USD",
            "grossProfit": "1268000000",
            "totalRevenue": "3831000000",
            "costOfRevenue": "3001000000",
            "costofGoodsAndServicesSold": "2577000000",
            "operatingIncome": "714000000",
            "sellingGeneralAndAdministrative": "366000000",
            "researchAndDevelopment": "168000000",
            "operatingExpenses": "424000000",
            "investmentIncomeNet": "None",
            "netInterestIncome": "-14000000",
            "interestIncome": "11000000",
            "interestExpense": "14000000",
            "nonInterestIncome": "3845000000",
            "otherNonOperatingIncome": "2000000",
            "depreciation": "None",
            "depreciationAndAmortization": "48000000",
            "incomeBeforeTax": "704000000",
            "incomeTaxExpense": "124000000",
            "interestAndDebtExpense": "14000000",
            "netIncomeFromContinuingOperations": "581000000",
            "comprehensiveIncomeNetOfTax": "610000000",
            "ebit": "718000000",
            "ebitda": "766000000",
            "netIncome": "580000000"
        },
        {
            "fiscalDateEnding": "2021-03-31",
            "reportedCurrency": "USD",
            "grossProfit": "1210000000",
            "totalRevenue": "3725000000",
            "costOfRevenue": "2988000000",
            "costofGoodsAndServicesSold": "2528000000",
            "operatingIncome": "612000000",
            "sellingGeneralAndAdministrative": "401000000",
            "researchAndDevelopment": "174000000",
            "operatingExpenses": "460000000",
            "investmentIncomeNet": "None",
            "netInterestIncome": "-13000000",
            "interestIncome": "8000000",
            "interestExpense": "13000000",
            "nonInterestIncome": "3738000000",
            "otherNonOperatingIncome": "4000000",
            "depreciation": "None",
            "depreciationAndAmortization": "48000000",
            "incomeBeforeTax": "612000000",
            "incomeTaxExpense": "106000000",
            "interestAndDebtExpense": "13000000",
            "netIncomeFromContinuingOperations": "505000000",
            "comprehensiveIncomeNetOfTax": "565000000",
            "ebit": "625000000",
            "ebitda": "673000000",
            "netIncome": "506000000"
        },
        {
            "fiscalDateEnding": "2020-12-31",
            "reportedCurrency": "USD",
            "grossProfit": "1146000000",
            "totalRevenue": "3507000000",
            "costOfRevenue": "2934000000",
            "costofGoodsAndServicesSold": "2376000000",
            "operatingIncome": "448000000",
            "sellingGeneralAndAdministrative": "361000000",
            "researchAndDevelopment": "162000000",
            "operatingExpenses": "558000000",
            "investmentIncomeNet": "None",
            "netInterestIncome": "-15000000",
            "interestIncome": "3000000",
            "interestExpense": "15000000",
            "nonInterestIncome": "3522000000",
            "otherNonOperatingIncome": "-1000000",
            "depreciation": "None",
            "depreciationAndAmortization": "48000000",
            "incomeBeforeTax": "441000000",
            "incomeTaxExpense": "60000000",
            "interestAndDebtExpense": "15000000",
            "netIncomeFromContinuingOperations": "375000000",
            "comprehensiveIncomeNetOfTax": "521000000",
            "ebit": "456000000",
            "ebitda": "504000000",
            "netIncome": "381000000"
        },
        {
            "fiscalDateEnding": "2020-09-30",
            "reportedCurrency": "USD",
            "grossProfit": "969000000",
            "totalRevenue": "3261000000",
            "costOfRevenue": "2802000000",
            "costofGoodsAndServicesSold": "2292000000",
            "operatingIncome": "347000000",
            "sellingGeneralAndAdministrative": "352000000",
            "researchAndDevelopment": "148000000",
            "operatingExpenses": "1049000000",
            "investmentIncomeNet": "None",
            "netInterestIncome": "-12000000",
            "interestIncome": "10000000",
            "interestExpense": "12000000",
            "nonInterestIncome": "3261000000",
            "otherNonOperatingIncome": "0",
            "depreciation": "None",
            "depreciationAndAmortization": "45000000",
            "incomeBeforeTax": "339000000",
            "incomeTaxExpense": "109000000",
            "interestAndDebtExpense": "12000000",
            "netIncomeFromContinuingOperations": "228000000",
            "comprehensiveIncomeNetOfTax": "294000000",
            "ebit": "351000000",
            "ebitda": "396000000",
            "netIncome": "230000000"
        },
        {
            "fiscalDateEnding": "2020-06-30",
            "reportedCurrency": "USD",
            "grossProfit": "707000000",
            "totalRevenue": "2535000000",
            "costOfRevenue": "2306000000",
            "costofGoodsAndServicesSold": "1841000000",
            "operatingIncome": "134000000",
            "sellingGeneralAndAdministrative": "321000000",
            "researchAndDevelopment": "146000000",
            "operatingExpenses": "465000000",
            "investmentIncomeNet": "None",
            "netInterestIncome": "-13000000",
            "interestIncome": "2000000",
            "interestExpense": "13000000",
            "nonInterestIncome": "2548000000",
            "otherNonOperatingIncome": "4000000",
            "depreciation": "None",
            "depreciationAndAmortization": "46000000",
            "incomeBeforeTax": "144000000",
            "incomeTaxExpense": "185000000",
            "interestAndDebtExpense": "13000000",
            "netIncomeFromContinuingOperations": "-58000000",
            "comprehensiveIncomeNetOfTax": "21000000",
            "ebit": "157000000",
            "ebitda": "203000000",
            "netIncome": "-41000000"
        },
        {
            "fiscalDateEnding": "2020-03-31",
            "reportedCurrency": "USD",
            "grossProfit": "1029000000",
            "totalRevenue": "3184000000",
            "costOfRevenue": "3486000000",
            "costofGoodsAndServicesSold": "2166000000",
            "operatingIncome": "-415000000",
            "sellingGeneralAndAdministrative": "352000000",
            "researchAndDevelopment": "158000000",
            "operatingExpenses": "1320000000",
            "investmentIncomeNet": "None",
            "netInterestIncome": "-11000000",
            "interestIncome": "5000000",
            "interestExpense": "11000000",
            "nonInterestIncome": "3195000000",
            "otherNonOperatingIncome": "11000000",
            "depreciation": "None",
            "depreciationAndAmortization": "46000000",
            "incomeBeforeTax": "-414000000",
            "incomeTaxExpense": "42000000",
            "interestAndDebtExpense": "11000000",
            "netIncomeFromContinuingOperations": "-452000000",
            "comprehensiveIncomeNetOfTax": "-613000000",
            "ebit": "-403000000",
            "ebitda": "-357000000",
            "netIncome": "-456000000"
        },
        {
            "fiscalDateEnding": "2019-12-31",
            "reportedCurrency": "USD",
            "grossProfit": "1030000000",
            "totalRevenue": "3156000000",
            "costOfRevenue": "2574000000",
            "costofGoodsAndServicesSold": "2138000000",
            "operatingIncome": "471000000",
            "sellingGeneralAndAdministrative": "367000000",
            "researchAndDevelopment": "161000000",
            "operatingExpenses": "436000000",
            "investmentIncomeNet": "None",
            "netInterestIncome": "-12000000",
            "interestIncome": "6000000",
            "interestExpense": "12000000",
            "nonInterestIncome": "3168000000",
            "otherNonOperatingIncome": "5000000",
            "depreciation": "None",
            "depreciationAndAmortization": "45000000",
            "incomeBeforeTax": "473000000",
            "incomeTaxExpense": "447000000",
            "interestAndDebtExpense": "12000000",
            "netIncomeFromContinuingOperations": "23000000",
            "comprehensiveIncomeNetOfTax": "115000000",
            "ebit": "485000000",
            "ebitda": "530000000",
            "netIncome": "26000000"
        },
        {
            "fiscalDateEnding": "2019-09-30",
            "reportedCurrency": "USD",
            "grossProfit": "1052000000",
            "totalRevenue": "3300000000",
            "costOfRevenue": "2736000000",
            "costofGoodsAndServicesSold": "2248000000",
            "operatingIncome": "444000000",
            "sellingGeneralAndAdministrative": "372000000",
            "researchAndDevelopment": "159000000",
            "operatingExpenses": "1060000000",
            "investmentIncomeNet": "None",
            "netInterestIncome": "-13000000",
            "interestIncome": "6000000",
            "interestExpense": "13000000",
            "nonInterestIncome": "3300000000",
            "otherNonOperatingIncome": "0",
            "depreciation": "None",
            "depreciationAndAmortization": "45000000",
            "incomeBeforeTax": "433000000",
            "incomeTaxExpense": "61000000",
            "interestAndDebtExpense": "13000000",
            "netIncomeFromContinuingOperations": "376000000",
            "comprehensiveIncomeNetOfTax": "70000000",
            "ebit": "446000000",
            "ebitda": "491000000",
            "netIncome": "372000000"
        },
        {
            "fiscalDateEnding": "2019-06-30",
            "reportedCurrency": "USD",
            "grossProfit": "1110000000",
            "totalRevenue": "3376000000",
            "costOfRevenue": "2747000000",
            "costofGoodsAndServicesSold": "2279000000",
            "operatingIncome": "520000000",
            "sellingGeneralAndAdministrative": "356000000",
            "researchAndDevelopment": "158000000",
            "operatingExpenses": "468000000",
            "investmentIncomeNet": "None",
            "netInterestIncome": "-13000000",
            "interestIncome": "4000000",
            "interestExpense": "13000000",
            "nonInterestIncome": "3389000000",
            "otherNonOperatingIncome": "2000000",
            "depreciation": "None",
            "depreciationAndAmortization": "45000000",
            "incomeBeforeTax": "512000000",
            "incomeTaxExpense": "-245000000",
            "interestAndDebtExpense": "13000000",
            "netIncomeFromContinuingOperations": "758000000",
            "comprehensiveIncomeNetOfTax": "716000000",
            "ebit": "525000000",
            "ebitda": "570000000",
            "netIncome": "757000000"
        },
        {
            "fiscalDateEnding": "2019-03-31",
            "reportedCurrency": "USD",
            "grossProfit": "1118000000",
            "totalRevenue": "3397000000",
            "costOfRevenue": "2754000000",
            "costofGoodsAndServicesSold": "2294000000",
            "operatingIncome": "530000000",
            "sellingGeneralAndAdministrative": "373000000",
            "researchAndDevelopment": "166000000",
            "operatingExpenses": "460000000",
            "investmentIncomeNet": "None",
            "netInterestIncome": "-15000000",
            "interestIncome": "4000000",
            "interestExpense": "15000000",
            "nonInterestIncome": "3412000000",
            "otherNonOperatingIncome": "1000000",
            "depreciation": "None",
            "depreciationAndAmortization": "45000000",
            "incomeBeforeTax": "530000000",
            "incomeTaxExpense": "91000000",
            "interestAndDebtExpense": "15000000",
            "netIncomeFromContinuingOperations": "429000000",
            "comprehensiveIncomeNetOfTax": "536000000",
            "ebit": "545000000",
            "ebitda": "590000000",
            "netIncome": "439000000"
        },
        {
            "fiscalDateEnding": "2018-12-31",
            "reportedCurrency": "USD",
            "grossProfit": "1114000000",
            "totalRevenue": "3320000000",
            "costOfRevenue": "2742000000",
            "costofGoodsAndServicesSold": "2233000000",
            "operatingIncome": "484000000",
            "sellingGeneralAndAdministrative": "389000000",
            "researchAndDevelopment": "161000000",
            "operatingExpenses": "509000000",
            "investmentIncomeNet": "None",
            "netInterestIncome": "-27000000",
            "interestIncome": "None",
            "interestExpense": "27000000",
            "nonInterestIncome": "3347000000",
            "otherNonOperatingIncome": "-1000000",
            "depreciation": "None",
            "depreciationAndAmortization": "45000000",
            "incomeBeforeTax": "354000000",
            "incomeTaxExpense": "78000000",
            "interestAndDebtExpense": "27000000",
            "netIncomeFromContinuingOperations": "383000000",
            "comprehensiveIncomeNetOfTax": "325000000",
            "ebit": "381000000",
            "ebitda": "426000000",
            "netIncome": "276000000"
        },
        {
            "fiscalDateEnding": "2018-09-30",
            "reportedCurrency": "USD",
            "grossProfit": "1182000000",
            "totalRevenue": "3509000000",
            "costOfRevenue": "2330000000",
            "costofGoodsAndServicesSold": "2327000000",
            "operatingIncome": "570000000",
            "sellingGeneralAndAdministrative": "414000000",
            "researchAndDevelopment": "171000000",
            "operatingExpenses": "1045000000",
            "investmentIncomeNet": "None",
            "netInterestIncome": "-27000000",
            "interestIncome": "None",
            "interestExpense": "27000000",
            "nonInterestIncome": "3509000000",
            "otherNonOperatingIncome": "-1000000",
            "depreciation": "None",
            "depreciationAndAmortization": "45000000",
            "incomeBeforeTax": "533000000",
            "incomeTaxExpense": "-1128000000",
            "interestAndDebtExpense": "27000000",
            "netIncomeFromContinuingOperations": "1674000000",
            "comprehensiveIncomeNetOfTax": "1654000000",
            "ebit": "560000000",
            "ebitda": "605000000",
            "netIncome": "1661000000"
        },
        {
            "fiscalDateEnding": "2018-06-30",
            "reportedCurrency": "USD",
            "grossProfit": "1187000000",
            "totalRevenue": "3739000000",
            "costOfRevenue": "3076000000",
            "costofGoodsAndServicesSold": "2394000000",
            "operatingIncome": "554000000",
            "sellingGeneralAndAdministrative": "394000000",
            "researchAndDevelopment": "181000000",
            "operatingExpenses": "529000000",
            "investmentIncomeNet": "None",
            "netInterestIncome": "-25000000",
            "interestIncome": "1000000",
            "interestExpense": "26000000",
            "nonInterestIncome": "3581000000",
            "otherNonOperatingIncome": "-1000000",
            "depreciation": "None",
            "depreciationAndAmortization": "45000000",
            "incomeBeforeTax": "531000000",
            "incomeTaxExpense": "77000000",
            "interestAndDebtExpense": "25000000",
            "netIncomeFromContinuingOperations": "453000000",
            "comprehensiveIncomeNetOfTax": "204000000",
            "ebit": "557000000",
            "ebitda": "602000000",
            "netIncome": "454000000"
        }
    ]
}