{
    "symbol": "TRGP",
    "annualReports": [
        {
            "fiscalDateEnding": "2022-12-31",
            "reportedCurrency": "USD",
            "grossProfit": "3470700000",
            "totalRevenue": "20929800000",
            "costOfRevenue": "17459100000",
            "costofGoodsAndServicesSold": "16882100000",
            "operatingIncome": "1729000000",
            "sellingGeneralAndAdministrative": "309700000",
            "researchAndDevelopment": "None",
            "operatingExpenses": "1212900000",
            "investmentIncomeNet": "None",
            "netInterestIncome": "-19800000",
            "interestIncome": "None",
            "interestExpense": "19800000",
            "nonInterestIncome": "20256600000",
            "otherNonOperatingIncome": "-15100000",
            "depreciation": "853800000",
            "depreciationAndAmortization": "262500000",
            "incomeBeforeTax": "1327300000",
            "incomeTaxExpense": "131800000",
            "interestAndDebtExpense": "69400000",
            "netIncomeFromContinuingOperations": "1531400000",
            "comprehensiveIncomeNetOfTax": "1481100000",
            "ebit": "1729000000",
            "ebitda": "1609600000",
            "netIncome": "1195500000"
        },
        {
            "fiscalDateEnding": "2021-12-31",
            "reportedCurrency": "USD",
            "grossProfit": "2346500000",
            "totalRevenue": "16949800000",
            "costOfRevenue": "14603300000",
            "costofGoodsAndServicesSold": "13729500000",
            "operatingIncome": "864800000",
            "sellingGeneralAndAdministrative": "273200000",
            "researchAndDevelopment": "None",
            "operatingExpenses": "1022200000",
            "investmentIncomeNet": "None",
            "netInterestIncome": "-5200000",
            "interestIncome": "None",
            "interestExpense": "5200000",
            "nonInterestIncome": "16093100000",
            "otherNonOperatingIncome": "500000",
            "depreciation": "739600000",
            "depreciationAndAmortization": "144300000",
            "incomeBeforeTax": "86000000",
            "incomeTaxExpense": "14800000",
            "interestAndDebtExpense": "21800000",
            "netIncomeFromContinuingOperations": "422100000",
            "comprehensiveIncomeNetOfTax": "-17900000",
            "ebit": "864800000",
            "ebitda": "235500000",
            "netIncome": "71200000"
        },
        {
            "fiscalDateEnding": "2020-12-31",
            "reportedCurrency": "USD",
            "grossProfit": "296600000",
            "totalRevenue": "8260300000",
            "costOfRevenue": "7963700000",
            "costofGoodsAndServicesSold": "5186500000",
            "operatingIncome": "-1303700000",
            "sellingGeneralAndAdministrative": "254600000",
            "researchAndDevelopment": "None",
            "operatingExpenses": "1092800000",
            "investmentIncomeNet": "None",
            "netInterestIncome": "-34400000",
            "interestIncome": "None",
            "interestExpense": "34400000",
            "nonInterestIncome": "6874100000",
            "otherNonOperatingIncome": "3700000",
            "depreciation": "721100000",
            "depreciationAndAmortization": "157600000",
            "incomeBeforeTax": "-1802000000",
            "incomeTaxExpense": "-248100000",
            "interestAndDebtExpense": "-11200000",
            "netIncomeFromContinuingOperations": "-1325000000",
            "comprehensiveIncomeNetOfTax": "-1788200000",
            "ebit": "-1303700000",
            "ebitda": "-1610000000",
            "netIncome": "-1553900000"
        },
        {
            "fiscalDateEnding": "2019-12-31",
            "reportedCurrency": "USD",
            "grossProfit": "2552600000",
            "totalRevenue": "8671100000",
            "costOfRevenue": "6118500000",
            "costofGoodsAndServicesSold": "6208000000",
            "operatingIncome": "192900000",
            "sellingGeneralAndAdministrative": "280700000",
            "researchAndDevelopment": "None",
            "operatingExpenses": "1144700000",
            "investmentIncomeNet": "None",
            "netInterestIncome": "-63400000",
            "interestIncome": "298800000",
            "interestExpense": "63400000",
            "nonInterestIncome": "7467200000",
            "otherNonOperatingIncome": "108300000",
            "depreciation": "800000000",
            "depreciationAndAmortization": "184700000",
            "incomeBeforeTax": "-297100000",
            "incomeTaxExpense": "-87900000",
            "interestAndDebtExpense": "64800000",
            "netIncomeFromContinuingOperations": "41200000",
            "comprehensiveIncomeNetOfTax": "-211000000",
            "ebit": "192900000",
            "ebitda": "-49000000",
            "netIncome": "-209200000"
        },
        {
            "fiscalDateEnding": "2018-12-31",
            "reportedCurrency": "USD",
            "grossProfit": "2245800000",
            "totalRevenue": "10484000000",
            "costOfRevenue": "8238200000",
            "costofGoodsAndServicesSold": "8238200000",
            "operatingIncome": "237500000",
            "sellingGeneralAndAdministrative": "256900000",
            "researchAndDevelopment": "None",
            "operatingExpenses": "978800000",
            "investmentIncomeNet": "None",
            "netInterestIncome": "-46300000",
            "interestIncome": "178500000",
            "interestExpense": "46300000",
            "nonInterestIncome": "11146600000",
            "otherNonOperatingIncome": "100000",
            "depreciation": "633300000",
            "depreciationAndAmortization": "182600000",
            "incomeBeforeTax": "7100000",
            "incomeTaxExpense": "5500000",
            "interestAndDebtExpense": "48300000",
            "netIncomeFromContinuingOperations": "60400000",
            "comprehensiveIncomeNetOfTax": "131000000",
            "ebit": "237500000",
            "ebitda": "236000000",
            "netIncome": "1600000"
        }
    ],
    "quarterlyReports": [
        {
            "fiscalDateEnding": "2022-12-31",
            "reportedCurrency": "USD",
            "grossProfit": "1010900000",
            "totalRevenue": "4554800000",
            "costOfRevenue": "3543900000",
            "costofGoodsAndServicesSold": "3324300000",
            "operatingIncome": "551400000",
            "sellingGeneralAndAdministrative": "92500000",
            "researchAndDevelopment": "None",
            "operatingExpenses": "343200000",
            "investmentIncomeNet": "None",
            "netInterestIncome": "-10300000",
            "interestIncome": "None",
            "interestExpense": "10300000",
            "nonInterestIncome": "4087300000",
            "otherNonOperatingIncome": "-500000",
            "depreciation": "224300000",
            "depreciationAndAmortization": "125800000",
            "incomeBeforeTax": "327800000",
            "incomeTaxExpense": "9800000",
            "interestAndDebtExpense": "10300000",
            "netIncomeFromContinuingOperations": "395900000",
            "comprehensiveIncomeNetOfTax": "379400000",
            "ebit": "551400000",
            "ebitda": "463900000",
            "netIncome": "318000000"
        },
        {
            "fiscalDateEnding": "2022-09-30",
            "reportedCurrency": "USD",
            "grossProfit": "974700000",
            "totalRevenue": "5360100000",
            "costOfRevenue": "4385400000",
            "costofGoodsAndServicesSold": "4306300000",
            "operatingIncome": "430000000",
            "sellingGeneralAndAdministrative": "79100000",
            "researchAndDevelopment": "None",
            "operatingExpenses": "333900000",
            "investmentIncomeNet": "None",
            "netInterestIncome": "-4000000",
            "interestIncome": "None",
            "interestExpense": "4000000",
            "nonInterestIncome": "5043500000",
            "otherNonOperatingIncome": "-14600000",
            "depreciation": "206500000",
            "depreciationAndAmortization": "80700000",
            "incomeBeforeTax": "205100000",
            "incomeTaxExpense": "12000000",
            "interestAndDebtExpense": "4000000",
            "netIncomeFromContinuingOperations": "279300000",
            "comprehensiveIncomeNetOfTax": "462800000",
            "ebit": "430000000",
            "ebitda": "289800000",
            "netIncome": "193100000"
        },
        {
            "fiscalDateEnding": "2022-06-30",
            "reportedCurrency": "USD",
            "grossProfit": "937500000",
            "totalRevenue": "6055800000",
            "costOfRevenue": "5118300000",
            "costofGoodsAndServicesSold": "5047300000",
            "operatingIncome": "451900000",
            "sellingGeneralAndAdministrative": "71000000",
            "researchAndDevelopment": "None",
            "operatingExpenses": "286200000",
            "investmentIncomeNet": "None",
            "netInterestIncome": "-3100000",
            "interestIncome": "None",
            "interestExpense": "3100000",
            "nonInterestIncome": "6236800000",
            "otherNonOperatingIncome": "500000",
            "depreciation": "241900000",
            "depreciationAndAmortization": "28000000",
            "incomeBeforeTax": "683500000",
            "incomeTaxExpense": "87100000",
            "interestAndDebtExpense": "33800000",
            "netIncomeFromContinuingOperations": "687600000",
            "comprehensiveIncomeNetOfTax": "738400000",
            "ebit": "451900000",
            "ebitda": "714600000",
            "netIncome": "596400000"
        },
        {
            "fiscalDateEnding": "2022-03-31",
            "reportedCurrency": "USD",
            "grossProfit": "658800000",
            "totalRevenue": "4959100000",
            "costOfRevenue": "4300300000",
            "costofGoodsAndServicesSold": "4204100000",
            "operatingIncome": "295800000",
            "sellingGeneralAndAdministrative": "67100000",
            "researchAndDevelopment": "None",
            "operatingExpenses": "249600000",
            "investmentIncomeNet": "None",
            "netInterestIncome": "-2400000",
            "interestIncome": "None",
            "interestExpense": "2400000",
            "nonInterestIncome": "4888900000",
            "otherNonOperatingIncome": "-500000",
            "depreciation": "181100000",
            "depreciationAndAmortization": "28000000",
            "incomeBeforeTax": "110900000",
            "incomeTaxExpense": "22900000",
            "interestAndDebtExpense": "18200000",
            "netIncomeFromContinuingOperations": "168600000",
            "comprehensiveIncomeNetOfTax": "-99500000",
            "ebit": "295800000",
            "ebitda": "141300000",
            "netIncome": "88000000"
        },
        {
            "fiscalDateEnding": "2021-12-31",
            "reportedCurrency": "USD",
            "grossProfit": "-452300000",
            "totalRevenue": "5441600000",
            "costOfRevenue": "452300000",
            "costofGoodsAndServicesSold": "4569700000",
            "operatingIncome": "-91600000",
            "sellingGeneralAndAdministrative": "80800000",
            "researchAndDevelopment": "None",
            "operatingExpenses": "452300000",
            "investmentIncomeNet": "None",
            "netInterestIncome": "-2500000",
            "interestIncome": "None",
            "interestExpense": "2500000",
            "nonInterestIncome": "5187200000",
            "otherNonOperatingIncome": "200000",
            "depreciation": "186900000",
            "depreciationAndAmortization": "46100000",
            "incomeBeforeTax": "-322300000",
            "incomeTaxExpense": "-8700000",
            "interestAndDebtExpense": "2500000",
            "netIncomeFromContinuingOperations": "-904600000",
            "comprehensiveIncomeNetOfTax": "-102400000",
            "ebit": "-91600000",
            "ebitda": "-273700000",
            "netIncome": "-313600000"
        },
        {
            "fiscalDateEnding": "2021-09-30",
            "reportedCurrency": "USD",
            "grossProfit": "777700000",
            "totalRevenue": "4459700000",
            "costOfRevenue": "3682000000",
            "costofGoodsAndServicesSold": "3614700000",
            "operatingIncome": "366500000",
            "sellingGeneralAndAdministrative": "67300000",
            "researchAndDevelopment": "None",
            "operatingExpenses": "255200000",
            "investmentIncomeNet": "None",
            "netInterestIncome": "-1000000",
            "interestIncome": "None",
            "interestExpense": "1000000",
            "nonInterestIncome": "4201800000",
            "otherNonOperatingIncome": "200000",
            "depreciation": "190200000",
            "depreciationAndAmortization": "32700000",
            "incomeBeforeTax": "184200000",
            "incomeTaxExpense": "2000000",
            "interestAndDebtExpense": "1000000",
            "netIncomeFromContinuingOperations": "288000000",
            "comprehensiveIncomeNetOfTax": "34500000",
            "ebit": "366500000",
            "ebitda": "217900000",
            "netIncome": "182200000"
        },
        {
            "fiscalDateEnding": "2021-06-30",
            "reportedCurrency": "USD",
            "grossProfit": "643200000",
            "totalRevenue": "3415900000",
            "costOfRevenue": "2772700000",
            "costofGoodsAndServicesSold": "2709000000",
            "operatingIncome": "245800000",
            "sellingGeneralAndAdministrative": "63700000",
            "researchAndDevelopment": "None",
            "operatingExpenses": "248100000",
            "investmentIncomeNet": "None",
            "netInterestIncome": "-1000000",
            "interestIncome": "None",
            "interestExpense": "1000000",
            "nonInterestIncome": "3201800000",
            "otherNonOperatingIncome": "100000",
            "depreciation": "179100000",
            "depreciationAndAmortization": "32700000",
            "incomeBeforeTax": "62800000",
            "incomeTaxExpense": "6600000",
            "interestAndDebtExpense": "1900000",
            "netIncomeFromContinuingOperations": "155400000",
            "comprehensiveIncomeNetOfTax": "-79800000",
            "ebit": "245800000",
            "ebitda": "96500000",
            "netIncome": "56200000"
        },
        {
            "fiscalDateEnding": "2021-03-31",
            "reportedCurrency": "USD",
            "grossProfit": "701300000",
            "totalRevenue": "3632700000",
            "costOfRevenue": "2931400000",
            "costofGoodsAndServicesSold": "2836300000",
            "operatingIncome": "344100000",
            "sellingGeneralAndAdministrative": "61400000",
            "researchAndDevelopment": "None",
            "operatingExpenses": "232500000",
            "investmentIncomeNet": "None",
            "netInterestIncome": "-700000",
            "interestIncome": "None",
            "interestExpense": "700000",
            "nonInterestIncome": "3502400000",
            "otherNonOperatingIncome": "100000",
            "depreciation": "183400000",
            "depreciationAndAmortization": "32800000",
            "incomeBeforeTax": "161400000",
            "incomeTaxExpense": "15000000",
            "interestAndDebtExpense": "15400000",
            "netIncomeFromContinuingOperations": "227900000",
            "comprehensiveIncomeNetOfTax": "129800000",
            "ebit": "344100000",
            "ebitda": "194900000",
            "netIncome": "146400000"
        },
        {
            "fiscalDateEnding": "2020-12-31",
            "reportedCurrency": "USD",
            "grossProfit": "899300000",
            "totalRevenue": "2572800000",
            "costOfRevenue": "1673500000",
            "costofGoodsAndServicesSold": "1781400000",
            "operatingIncome": "265200000",
            "sellingGeneralAndAdministrative": "74000000",
            "researchAndDevelopment": "None",
            "operatingExpenses": "289100000",
            "investmentIncomeNet": "None",
            "netInterestIncome": "-3300000",
            "interestIncome": "None",
            "interestExpense": "3300000",
            "nonInterestIncome": "2315600000",
            "otherNonOperatingIncome": "1500000",
            "depreciation": "182600000",
            "depreciationAndAmortization": "48800000",
            "incomeBeforeTax": "72100000",
            "incomeTaxExpense": "38500000",
            "interestAndDebtExpense": "100000",
            "netIncomeFromContinuingOperations": "146000000",
            "comprehensiveIncomeNetOfTax": "-17400000",
            "ebit": "265200000",
            "ebitda": "124200000",
            "netIncome": "33600000"
        },
        {
            "fiscalDateEnding": "2020-09-30",
            "reportedCurrency": "USD",
            "grossProfit": "753300000",
            "totalRevenue": "2115100000",
            "costOfRevenue": "1361800000",
            "costofGoodsAndServicesSold": "1322900000",
            "operatingIncome": "295500000",
            "sellingGeneralAndAdministrative": "58600000",
            "researchAndDevelopment": "None",
            "operatingExpenses": "298500000",
            "investmentIncomeNet": "None",
            "netInterestIncome": "-8600000",
            "interestIncome": "None",
            "interestExpense": "8600000",
            "nonInterestIncome": "1731600000",
            "otherNonOperatingIncome": "1400000",
            "depreciation": "168500000",
            "depreciationAndAmortization": "35200000",
            "incomeBeforeTax": "101200000",
            "incomeTaxExpense": "31900000",
            "interestAndDebtExpense": "13700000",
            "netIncomeFromContinuingOperations": "172200000",
            "comprehensiveIncomeNetOfTax": "-43100000",
            "ebit": "295500000",
            "ebitda": "145000000",
            "netIncome": "69300000"
        },
        {
            "fiscalDateEnding": "2020-06-30",
            "reportedCurrency": "USD",
            "grossProfit": "601400000",
            "totalRevenue": "1523500000",
            "costOfRevenue": "922100000",
            "costofGoodsAndServicesSold": "880100000",
            "operatingIncome": "213100000",
            "sellingGeneralAndAdministrative": "61500000",
            "researchAndDevelopment": "None",
            "operatingExpenses": "244200000",
            "investmentIncomeNet": "None",
            "netInterestIncome": "-10200000",
            "interestIncome": "None",
            "interestExpense": "10200000",
            "nonInterestIncome": "1212300000",
            "otherNonOperatingIncome": "800000",
            "depreciation": "169300000",
            "depreciationAndAmortization": "35200000",
            "incomeBeforeTax": "57800000",
            "incomeTaxExpense": "-23200000",
            "interestAndDebtExpense": "-21800000",
            "netIncomeFromContinuingOperations": "177100000",
            "comprehensiveIncomeNetOfTax": "-65800000",
            "ebit": "213100000",
            "ebitda": "103200000",
            "netIncome": "81000000"
        },
        {
            "fiscalDateEnding": "2020-03-31",
            "reportedCurrency": "USD",
            "grossProfit": "-1681800000",
            "totalRevenue": "2048900000",
            "costOfRevenue": "3730700000",
            "costofGoodsAndServicesSold": "1202100000",
            "operatingIncome": "-2077500000",
            "sellingGeneralAndAdministrative": "60500000",
            "researchAndDevelopment": "None",
            "operatingExpenses": "255700000",
            "investmentIncomeNet": "None",
            "netInterestIncome": "-12300000",
            "interestIncome": "77400000",
            "interestExpense": "12300000",
            "nonInterestIncome": "1618500000",
            "otherNonOperatingIncome": "0",
            "depreciation": "200700000",
            "depreciationAndAmortization": "38400000",
            "incomeBeforeTax": "-2033100000",
            "incomeTaxExpense": "-295300000",
            "interestAndDebtExpense": "-25700000",
            "netIncomeFromContinuingOperations": "-1820300000",
            "comprehensiveIncomeNetOfTax": "-1661900000",
            "ebit": "-2077500000",
            "ebitda": "-1982400000",
            "netIncome": "-1737800000"
        },
        {
            "fiscalDateEnding": "2019-12-31",
            "reportedCurrency": "USD",
            "grossProfit": "771100000",
            "totalRevenue": "2473900000",
            "costOfRevenue": "1702800000",
            "costofGoodsAndServicesSold": "1792300000",
            "operatingIncome": "-23700000",
            "sellingGeneralAndAdministrative": "57200000",
            "researchAndDevelopment": "None",
            "operatingExpenses": "225300000",
            "investmentIncomeNet": "None",
            "netInterestIncome": "-11700000",
            "interestIncome": "72900000",
            "interestExpense": "11700000",
            "nonInterestIncome": "1207800000",
            "otherNonOperatingIncome": "None",
            "depreciation": "209900000",
            "depreciationAndAmortization": "46200000",
            "incomeBeforeTax": "-190700000",
            "incomeTaxExpense": "-77900000",
            "interestAndDebtExpense": "11700000",
            "netIncomeFromContinuingOperations": "-23700000",
            "comprehensiveIncomeNetOfTax": "-161200000",
            "ebit": "-23700000",
            "ebitda": "-132800000",
            "netIncome": "-112800000"
        },
        {
            "fiscalDateEnding": "2019-09-30",
            "reportedCurrency": "USD",
            "grossProfit": "574400000",
            "totalRevenue": "1902500000",
            "costOfRevenue": "1328100000",
            "costofGoodsAndServicesSold": "1328100000",
            "operatingIncome": "41600000",
            "sellingGeneralAndAdministrative": "69900000",
            "researchAndDevelopment": "None",
            "operatingExpenses": "270600000",
            "investmentIncomeNet": "None",
            "netInterestIncome": "-400000",
            "interestIncome": "79100000",
            "interestExpense": "400000",
            "nonInterestIncome": "1968300000",
            "otherNonOperatingIncome": "75800000",
            "depreciation": "201400000",
            "depreciationAndAmortization": "3400000",
            "incomeBeforeTax": "-51100000",
            "incomeTaxExpense": "-3800000",
            "interestAndDebtExpense": "400000",
            "netIncomeFromContinuingOperations": "32100000",
            "comprehensiveIncomeNetOfTax": "10600000",
            "ebit": "41600000",
            "ebitda": "-47300000",
            "netIncome": "-47300000"
        },
        {
            "fiscalDateEnding": "2019-06-30",
            "reportedCurrency": "USD",
            "grossProfit": "633700000",
            "totalRevenue": "1995300000",
            "costOfRevenue": "1361600000",
            "costofGoodsAndServicesSold": "1361600000",
            "operatingIncome": "113700000",
            "sellingGeneralAndAdministrative": "72800000",
            "researchAndDevelopment": "None",
            "operatingExpenses": "282800000",
            "investmentIncomeNet": "None",
            "netInterestIncome": "-17200000",
            "interestIncome": "68900000",
            "interestExpense": "17200000",
            "nonInterestIncome": "1995500000",
            "otherNonOperatingIncome": "3200000",
            "depreciation": "194300000",
            "depreciationAndAmortization": "42900000",
            "incomeBeforeTax": "-13500000",
            "incomeTaxExpense": "-3300000",
            "interestAndDebtExpense": "17200000",
            "netIncomeFromContinuingOperations": "48900000",
            "comprehensiveIncomeNetOfTax": "23900000",
            "ebit": "113700000",
            "ebitda": "46600000",
            "netIncome": "-10200000"
        },
        {
            "fiscalDateEnding": "2019-03-31",
            "reportedCurrency": "USD",
            "grossProfit": "573400000",
            "totalRevenue": "2299400000",
            "costOfRevenue": "1726000000",
            "costofGoodsAndServicesSold": "1726000000",
            "operatingIncome": "61300000",
            "sellingGeneralAndAdministrative": "81100000",
            "researchAndDevelopment": "None",
            "operatingExpenses": "274500000",
            "investmentIncomeNet": "None",
            "netInterestIncome": "-18900000",
            "interestIncome": "77800000",
            "interestExpense": "18900000",
            "nonInterestIncome": "2296200000",
            "otherNonOperatingIncome": "2800000",
            "depreciation": "194400000",
            "depreciationAndAmortization": "43000000",
            "incomeBeforeTax": "-41800000",
            "incomeTaxExpense": "-2900000",
            "interestAndDebtExpense": "20300000",
            "netIncomeFromContinuingOperations": "-24700000",
            "comprehensiveIncomeNetOfTax": "-84300000",
            "ebit": "61300000",
            "ebitda": "20100000",
            "netIncome": "-38900000"
        },
        {
            "fiscalDateEnding": "2018-12-31",
            "reportedCurrency": "USD",
            "grossProfit": "589200000",
            "totalRevenue": "2597600000",
            "costOfRevenue": "2008400000",
            "costofGoodsAndServicesSold": "2008500000",
            "operatingIncome": "-80900000",
            "sellingGeneralAndAdministrative": "80000000",
            "researchAndDevelopment": "None",
            "operatingExpenses": "420000000",
            "investmentIncomeNet": "None",
            "netInterestIncome": "-15500000",
            "interestIncome": "None",
            "interestExpense": "15500000",
            "nonInterestIncome": "2597600000",
            "otherNonOperatingIncome": "None",
            "depreciation": "162400000",
            "depreciationAndAmortization": "46400000",
            "incomeBeforeTax": "-138800000",
            "incomeTaxExpense": "-32200000",
            "interestAndDebtExpense": "15500000",
            "netIncomeFromContinuingOperations": "-80900000",
            "comprehensiveIncomeNetOfTax": "113600000",
            "ebit": "-80900000",
            "ebitda": "-76900000",
            "netIncome": "-106600000"
        },
        {
            "fiscalDateEnding": "2018-09-30",
            "reportedCurrency": "USD",
            "grossProfit": "602900000",
            "totalRevenue": "2986400000",
            "costOfRevenue": "2383500000",
            "costofGoodsAndServicesSold": "2383500000",
            "operatingIncome": "76700000",
            "sellingGeneralAndAdministrative": "63200000",
            "researchAndDevelopment": "None",
            "operatingExpenses": "319200000",
            "investmentIncomeNet": "None",
            "netInterestIncome": "-10000000",
            "interestIncome": "None",
            "interestExpense": "10000000",
            "nonInterestIncome": "2925300000",
            "otherNonOperatingIncome": "3000000",
            "depreciation": "161700000",
            "depreciationAndAmortization": "44700000",
            "incomeBeforeTax": "-27600000",
            "incomeTaxExpense": "-3900000",
            "interestAndDebtExpense": "10000000",
            "netIncomeFromContinuingOperations": "-11200000",
            "comprehensiveIncomeNetOfTax": "-111600000",
            "ebit": "76700000",
            "ebitda": "27100000",
            "netIncome": "-23700000"
        },
        {
            "fiscalDateEnding": "2018-06-30",
            "reportedCurrency": "USD",
            "grossProfit": "539100000",
            "totalRevenue": "2444400000",
            "costOfRevenue": "1905300000",
            "costofGoodsAndServicesSold": "1905300000",
            "operatingIncome": "155400000",
            "sellingGeneralAndAdministrative": "57000000",
            "researchAndDevelopment": "None",
            "operatingExpenses": "132700000",
            "investmentIncomeNet": "None",
            "netInterestIncome": "-11200000",
            "interestIncome": "None",
            "interestExpense": "11200000",
            "nonInterestIncome": "94800000",
            "otherNonOperatingIncome": "1900000",
            "depreciation": "156800000",
            "depreciationAndAmortization": "45800000",
            "incomeBeforeTax": "141900000",
            "incomeTaxExpense": "32800000",
            "interestAndDebtExpense": "2000000",
            "netIncomeFromContinuingOperations": "121100000",
            "comprehensiveIncomeNetOfTax": "36700000",
            "ebit": "155400000",
            "ebitda": "198900000",
            "netIncome": "109100000"
        },
        {
            "fiscalDateEnding": "2018-03-31",
            "reportedCurrency": "USD",
            "grossProfit": "514600000",
            "totalRevenue": "2455600000",
            "costOfRevenue": "1941000000",
            "costofGoodsAndServicesSold": "1941000000",
            "operatingIncome": "86300000",
            "sellingGeneralAndAdministrative": "56700000",
            "researchAndDevelopment": "None",
            "operatingExpenses": "229800000",
            "investmentIncomeNet": "None",
            "netInterestIncome": "-9600000",
            "interestIncome": "None",
            "interestExpense": "9600000",
            "nonInterestIncome": "100000",
            "otherNonOperatingIncome": "1500000",
            "depreciation": "152400000",
            "depreciationAndAmortization": "45700000",
            "incomeBeforeTax": "31800000",
            "incomeTaxExpense": "8900000",
            "interestAndDebtExpense": "9600000",
            "netIncomeFromContinuingOperations": "38900000",
            "comprehensiveIncomeNetOfTax": "92400000",
            "ebit": "86300000",
            "ebitda": "87100000",
            "netIncome": "22900000"
        }
    ]
}