{
    "symbol": "URI",
    "annualReports": [
        {
            "fiscalDateEnding": "2022-12-31",
            "reportedCurrency": "USD",
            "grossProfit": "4996000000",
            "totalRevenue": "11642000000",
            "costOfRevenue": "6646000000",
            "costofGoodsAndServicesSold": "5871000000",
            "operatingIncome": "3232000000",
            "sellingGeneralAndAdministrative": "1400000000",
            "researchAndDevelopment": "None",
            "operatingExpenses": "1723000000",
            "investmentIncomeNet": "None",
            "netInterestIncome": "-445000000",
            "interestIncome": "445000000",
            "interestExpense": "445000000",
            "nonInterestIncome": "2493000000",
            "otherNonOperatingIncome": "15000000",
            "depreciation": "None",
            "depreciationAndAmortization": "364000000",
            "incomeBeforeTax": "2802000000",
            "incomeTaxExpense": "697000000",
            "interestAndDebtExpense": "17000000",
            "netIncomeFromContinuingOperations": "2105000000",
            "comprehensiveIncomeNetOfTax": "2012000000",
            "ebit": "3232000000",
            "ebitda": "3596000000",
            "netIncome": "2105000000"
        },
        {
            "fiscalDateEnding": "2021-12-31",
            "reportedCurrency": "USD",
            "grossProfit": "3853000000",
            "totalRevenue": "9716000000",
            "costOfRevenue": "5863000000",
            "costofGoodsAndServicesSold": "4940000000",
            "operatingIncome": "2277000000",
            "sellingGeneralAndAdministrative": "1199000000",
            "researchAndDevelopment": "None",
            "operatingExpenses": "1555000000",
            "investmentIncomeNet": "None",
            "netInterestIncome": "-424000000",
            "interestIncome": "424000000",
            "interestExpense": "424000000",
            "nonInterestIncome": "2236000000",
            "otherNonOperatingIncome": "-7000000",
            "depreciation": "None",
            "depreciationAndAmortization": "372000000",
            "incomeBeforeTax": "1846000000",
            "incomeTaxExpense": "460000000",
            "interestAndDebtExpense": "30000000",
            "netIncomeFromContinuingOperations": "1386000000",
            "comprehensiveIncomeNetOfTax": "1361000000",
            "ebit": "2277000000",
            "ebitda": "2649000000",
            "netIncome": "1386000000"
        },
        {
            "fiscalDateEnding": "2020-12-31",
            "reportedCurrency": "USD",
            "grossProfit": "3183000000",
            "totalRevenue": "8530000000",
            "costOfRevenue": "5347000000",
            "costofGoodsAndServicesSold": "4421000000",
            "operatingIncome": "1800000000",
            "sellingGeneralAndAdministrative": "979000000",
            "researchAndDevelopment": "None",
            "operatingExpenses": "1380000000",
            "investmentIncomeNet": "None",
            "netInterestIncome": "-669000000",
            "interestIncome": "669000000",
            "interestExpense": "669000000",
            "nonInterestIncome": "-175000000",
            "otherNonOperatingIncome": "8000000",
            "depreciation": "None",
            "depreciationAndAmortization": "387000000",
            "incomeBeforeTax": "1139000000",
            "incomeTaxExpense": "249000000",
            "interestAndDebtExpense": "183000000",
            "netIncomeFromContinuingOperations": "890000000",
            "comprehensiveIncomeNetOfTax": "930000000",
            "ebit": "1800000000",
            "ebitda": "2187000000",
            "netIncome": "890000000"
        },
        {
            "fiscalDateEnding": "2019-12-31",
            "reportedCurrency": "USD",
            "grossProfit": "3670000000",
            "totalRevenue": "9351000000",
            "costOfRevenue": "5681000000",
            "costofGoodsAndServicesSold": "4757000000",
            "operatingIncome": "2152000000",
            "sellingGeneralAndAdministrative": "1092000000",
            "researchAndDevelopment": "None",
            "operatingExpenses": "1488000000",
            "investmentIncomeNet": "None",
            "netInterestIncome": "-648000000",
            "interestIncome": "648000000",
            "interestExpense": "648000000",
            "nonInterestIncome": "-55000000",
            "otherNonOperatingIncome": "10000000",
            "depreciation": "None",
            "depreciationAndAmortization": "407000000",
            "incomeBeforeTax": "1514000000",
            "incomeTaxExpense": "340000000",
            "interestAndDebtExpense": "61000000",
            "netIncomeFromContinuingOperations": "1174000000",
            "comprehensiveIncomeNetOfTax": "1225000000",
            "ebit": "2152000000",
            "ebitda": "2559000000",
            "netIncome": "1174000000"
        },
        {
            "fiscalDateEnding": "2018-12-31",
            "reportedCurrency": "USD",
            "grossProfit": "3364000000",
            "totalRevenue": "8047000000",
            "costOfRevenue": "4683000000",
            "costofGoodsAndServicesSold": "1363000000",
            "operatingIncome": "1951000000",
            "sellingGeneralAndAdministrative": "1038000000",
            "researchAndDevelopment": "None",
            "operatingExpenses": "1430000000",
            "investmentIncomeNet": "None",
            "netInterestIncome": "-481000000",
            "interestIncome": "481000000",
            "interestExpense": "481000000",
            "nonInterestIncome": "5952000000",
            "otherNonOperatingIncome": "6000000",
            "depreciation": "1363000000",
            "depreciationAndAmortization": "308000000",
            "incomeBeforeTax": "1476000000",
            "incomeTaxExpense": "380000000",
            "interestAndDebtExpense": "0",
            "netIncomeFromContinuingOperations": "1096000000",
            "comprehensiveIncomeNetOfTax": "1010000000",
            "ebit": "1951000000",
            "ebitda": "2259000000",
            "netIncome": "1096000000"
        }
    ],
    "quarterlyReports": [
        {
            "fiscalDateEnding": "2023-03-31",
            "reportedCurrency": "USD",
            "grossProfit": "1241000000",
            "totalRevenue": "3285000000",
            "costOfRevenue": "2044000000",
            "costofGoodsAndServicesSold": "1737000000",
            "operatingIncome": "740000000",
            "sellingGeneralAndAdministrative": "382000000",
            "researchAndDevelopment": "None",
            "operatingExpenses": "488000000",
            "investmentIncomeNet": "None",
            "netInterestIncome": "-150000000",
            "interestIncome": "150000000",
            "interestExpense": "150000000",
            "nonInterestIncome": "806000000",
            "otherNonOperatingIncome": "4000000",
            "depreciation": "None",
            "depreciationAndAmortization": "118000000",
            "incomeBeforeTax": "594000000",
            "incomeTaxExpense": "143000000",
            "interestAndDebtExpense": "None",
            "netIncomeFromContinuingOperations": "451000000",
            "comprehensiveIncomeNetOfTax": "451000000",
            "ebit": "740000000",
            "ebitda": "858000000",
            "netIncome": "451000000"
        },
        {
            "fiscalDateEnding": "2022-12-31",
            "reportedCurrency": "USD",
            "grossProfit": "1488000000",
            "totalRevenue": "3296000000",
            "costOfRevenue": "1808000000",
            "costofGoodsAndServicesSold": "1548000000",
            "operatingIncome": "1024000000",
            "sellingGeneralAndAdministrative": "378000000",
            "researchAndDevelopment": "None",
            "operatingExpenses": "454000000",
            "investmentIncomeNet": "None",
            "netInterestIncome": "-132000000",
            "interestIncome": "132000000",
            "interestExpense": "132000000",
            "nonInterestIncome": "816000000",
            "otherNonOperatingIncome": "3000000",
            "depreciation": "None",
            "depreciationAndAmortization": "86000000",
            "incomeBeforeTax": "895000000",
            "incomeTaxExpense": "256000000",
            "interestAndDebtExpense": "0",
            "netIncomeFromContinuingOperations": "1024000000",
            "comprehensiveIncomeNetOfTax": "687000000",
            "ebit": "1024000000",
            "ebitda": "1110000000",
            "netIncome": "639000000"
        },
        {
            "fiscalDateEnding": "2022-09-30",
            "reportedCurrency": "USD",
            "grossProfit": "1366000000",
            "totalRevenue": "3051000000",
            "costOfRevenue": "1685000000",
            "costofGoodsAndServicesSold": "1523000000",
            "operatingIncome": "921000000",
            "sellingGeneralAndAdministrative": "356000000",
            "researchAndDevelopment": "None",
            "operatingExpenses": "445000000",
            "investmentIncomeNet": "None",
            "netInterestIncome": "-106000000",
            "interestIncome": "106000000",
            "interestExpense": "106000000",
            "nonInterestIncome": "578000000",
            "otherNonOperatingIncome": "1000000",
            "depreciation": "None",
            "depreciationAndAmortization": "90000000",
            "incomeBeforeTax": "816000000",
            "incomeTaxExpense": "210000000",
            "interestAndDebtExpense": "0",
            "netIncomeFromContinuingOperations": "606000000",
            "comprehensiveIncomeNetOfTax": "511000000",
            "ebit": "921000000",
            "ebitda": "1011000000",
            "netIncome": "606000000"
        },
        {
            "fiscalDateEnding": "2022-06-30",
            "reportedCurrency": "USD",
            "grossProfit": "1150000000",
            "totalRevenue": "2771000000",
            "costOfRevenue": "1621000000",
            "costofGoodsAndServicesSold": "1459000000",
            "operatingIncome": "715000000",
            "sellingGeneralAndAdministrative": "343000000",
            "researchAndDevelopment": "None",
            "operatingExpenses": "435000000",
            "investmentIncomeNet": "None",
            "netInterestIncome": "-113000000",
            "interestIncome": "113000000",
            "interestExpense": "113000000",
            "nonInterestIncome": "556000000",
            "otherNonOperatingIncome": "6000000",
            "depreciation": "None",
            "depreciationAndAmortization": "91000000",
            "incomeBeforeTax": "608000000",
            "incomeTaxExpense": "115000000",
            "interestAndDebtExpense": "None",
            "netIncomeFromContinuingOperations": "493000000",
            "comprehensiveIncomeNetOfTax": "427000000",
            "ebit": "715000000",
            "ebitda": "806000000",
            "netIncome": "493000000"
        },
        {
            "fiscalDateEnding": "2022-03-31",
            "reportedCurrency": "USD",
            "grossProfit": "992000000",
            "totalRevenue": "2524000000",
            "costOfRevenue": "1532000000",
            "costofGoodsAndServicesSold": "1341000000",
            "operatingIncome": "572000000",
            "sellingGeneralAndAdministrative": "323000000",
            "researchAndDevelopment": "None",
            "operatingExpenses": "411000000",
            "investmentIncomeNet": "None",
            "netInterestIncome": "-94000000",
            "interestIncome": "94000000",
            "interestExpense": "94000000",
            "nonInterestIncome": "556000000",
            "otherNonOperatingIncome": "5000000",
            "depreciation": "None",
            "depreciationAndAmortization": "97000000",
            "incomeBeforeTax": "483000000",
            "incomeTaxExpense": "116000000",
            "interestAndDebtExpense": "None",
            "netIncomeFromContinuingOperations": "367000000",
            "comprehensiveIncomeNetOfTax": "387000000",
            "ebit": "572000000",
            "ebitda": "669000000",
            "netIncome": "367000000"
        },
        {
            "fiscalDateEnding": "2021-12-31",
            "reportedCurrency": "USD",
            "grossProfit": "1161000000",
            "totalRevenue": "2776000000",
            "costOfRevenue": "1615000000",
            "costofGoodsAndServicesSold": "1352000000",
            "operatingIncome": "745000000",
            "sellingGeneralAndAdministrative": "322000000",
            "researchAndDevelopment": "None",
            "operatingExpenses": "420000000",
            "investmentIncomeNet": "None",
            "netInterestIncome": "-93000000",
            "interestIncome": "93000000",
            "interestExpense": "93000000",
            "nonInterestIncome": "688000000",
            "otherNonOperatingIncome": "-8000000",
            "depreciation": "None",
            "depreciationAndAmortization": "93000000",
            "incomeBeforeTax": "644000000",
            "incomeTaxExpense": "163000000",
            "interestAndDebtExpense": "0",
            "netIncomeFromContinuingOperations": "745000000",
            "comprehensiveIncomeNetOfTax": "479000000",
            "ebit": "745000000",
            "ebitda": "838000000",
            "netIncome": "481000000"
        },
        {
            "fiscalDateEnding": "2021-09-30",
            "reportedCurrency": "USD",
            "grossProfit": "1103000000",
            "totalRevenue": "2596000000",
            "costOfRevenue": "1493000000",
            "costofGoodsAndServicesSold": "1298000000",
            "operatingIncome": "679000000",
            "sellingGeneralAndAdministrative": "326000000",
            "researchAndDevelopment": "None",
            "operatingExpenses": "424000000",
            "investmentIncomeNet": "None",
            "netInterestIncome": "-132000000",
            "interestIncome": "132000000",
            "interestExpense": "132000000",
            "nonInterestIncome": "523000000",
            "otherNonOperatingIncome": "3000000",
            "depreciation": "None",
            "depreciationAndAmortization": "98000000",
            "incomeBeforeTax": "550000000",
            "incomeTaxExpense": "141000000",
            "interestAndDebtExpense": "30000000",
            "netIncomeFromContinuingOperations": "409000000",
            "comprehensiveIncomeNetOfTax": "357000000",
            "ebit": "679000000",
            "ebitda": "777000000",
            "netIncome": "409000000"
        },
        {
            "fiscalDateEnding": "2021-06-30",
            "reportedCurrency": "USD",
            "grossProfit": "875000000",
            "totalRevenue": "2287000000",
            "costOfRevenue": "1412000000",
            "costofGoodsAndServicesSold": "1200000000",
            "operatingIncome": "481000000",
            "sellingGeneralAndAdministrative": "301000000",
            "researchAndDevelopment": "None",
            "operatingExpenses": "394000000",
            "investmentIncomeNet": "None",
            "netInterestIncome": "-100000000",
            "interestIncome": "100000000",
            "interestExpense": "100000000",
            "nonInterestIncome": "510000000",
            "otherNonOperatingIncome": "-4000000",
            "depreciation": "None",
            "depreciationAndAmortization": "90000000",
            "incomeBeforeTax": "377000000",
            "incomeTaxExpense": "84000000",
            "interestAndDebtExpense": "None",
            "netIncomeFromContinuingOperations": "293000000",
            "comprehensiveIncomeNetOfTax": "316000000",
            "ebit": "481000000",
            "ebitda": "571000000",
            "netIncome": "293000000"
        },
        {
            "fiscalDateEnding": "2021-03-31",
            "reportedCurrency": "USD",
            "grossProfit": "714000000",
            "totalRevenue": "2057000000",
            "costOfRevenue": "1343000000",
            "costofGoodsAndServicesSold": "1090000000",
            "operatingIncome": "372000000",
            "sellingGeneralAndAdministrative": "250000000",
            "researchAndDevelopment": "None",
            "operatingExpenses": "334000000",
            "investmentIncomeNet": "None",
            "netInterestIncome": "-99000000",
            "interestIncome": "99000000",
            "interestExpense": "99000000",
            "nonInterestIncome": "1000000",
            "otherNonOperatingIncome": "2000000",
            "depreciation": "None",
            "depreciationAndAmortization": "91000000",
            "incomeBeforeTax": "275000000",
            "incomeTaxExpense": "72000000",
            "interestAndDebtExpense": "None",
            "netIncomeFromContinuingOperations": "203000000",
            "comprehensiveIncomeNetOfTax": "209000000",
            "ebit": "372000000",
            "ebitda": "463000000",
            "netIncome": "203000000"
        },
        {
            "fiscalDateEnding": "2020-12-31",
            "reportedCurrency": "USD",
            "grossProfit": "869000000",
            "totalRevenue": "2279000000",
            "costOfRevenue": "1410000000",
            "costofGoodsAndServicesSold": "1122000000",
            "operatingIncome": "510000000",
            "sellingGeneralAndAdministrative": "258000000",
            "researchAndDevelopment": "None",
            "operatingExpenses": "351000000",
            "investmentIncomeNet": "None",
            "netInterestIncome": "-125000000",
            "interestIncome": "125000000",
            "interestExpense": "125000000",
            "nonInterestIncome": "-21000000",
            "otherNonOperatingIncome": "2000000",
            "depreciation": "None",
            "depreciationAndAmortization": "95000000",
            "incomeBeforeTax": "387000000",
            "incomeTaxExpense": "90000000",
            "interestAndDebtExpense": "24000000",
            "netIncomeFromContinuingOperations": "510000000",
            "comprehensiveIncomeNetOfTax": "365000000",
            "ebit": "510000000",
            "ebitda": "605000000",
            "netIncome": "297000000"
        },
        {
            "fiscalDateEnding": "2020-09-30",
            "reportedCurrency": "USD",
            "grossProfit": "886000000",
            "totalRevenue": "2187000000",
            "costOfRevenue": "1301000000",
            "costofGoodsAndServicesSold": "1084000000",
            "operatingIncome": "551000000",
            "sellingGeneralAndAdministrative": "232000000",
            "researchAndDevelopment": "None",
            "operatingExpenses": "347000000",
            "investmentIncomeNet": "None",
            "netInterestIncome": "-278000000",
            "interestIncome": "278000000",
            "interestExpense": "278000000",
            "nonInterestIncome": "490000000",
            "otherNonOperatingIncome": "2000000",
            "depreciation": "None",
            "depreciationAndAmortization": "97000000",
            "incomeBeforeTax": "275000000",
            "incomeTaxExpense": "67000000",
            "interestAndDebtExpense": "159000000",
            "netIncomeFromContinuingOperations": "208000000",
            "comprehensiveIncomeNetOfTax": "241000000",
            "ebit": "551000000",
            "ebitda": "648000000",
            "netIncome": "208000000"
        },
        {
            "fiscalDateEnding": "2020-06-30",
            "reportedCurrency": "USD",
            "grossProfit": "701000000",
            "totalRevenue": "1939000000",
            "costOfRevenue": "1238000000",
            "costofGoodsAndServicesSold": "395000000",
            "operatingIncome": "381000000",
            "sellingGeneralAndAdministrative": "222000000",
            "researchAndDevelopment": "None",
            "operatingExpenses": "322000000",
            "investmentIncomeNet": "None",
            "netInterestIncome": "-130000000",
            "interestIncome": "130000000",
            "interestExpense": "130000000",
            "nonInterestIncome": "2000000",
            "otherNonOperatingIncome": "0",
            "depreciation": "None",
            "depreciationAndAmortization": "95000000",
            "incomeBeforeTax": "251000000",
            "incomeTaxExpense": "39000000",
            "interestAndDebtExpense": "None",
            "netIncomeFromContinuingOperations": "212000000",
            "comprehensiveIncomeNetOfTax": "257000000",
            "ebit": "381000000",
            "ebitda": "476000000",
            "netIncome": "212000000"
        },
        {
            "fiscalDateEnding": "2020-03-31",
            "reportedCurrency": "USD",
            "grossProfit": "727000000",
            "totalRevenue": "2125000000",
            "costOfRevenue": "1398000000",
            "costofGoodsAndServicesSold": "1173000000",
            "operatingIncome": "358000000",
            "sellingGeneralAndAdministrative": "267000000",
            "researchAndDevelopment": "None",
            "operatingExpenses": "362000000",
            "investmentIncomeNet": "None",
            "netInterestIncome": "-136000000",
            "interestIncome": "136000000",
            "interestExpense": "136000000",
            "nonInterestIncome": "1000000",
            "otherNonOperatingIncome": "4000000",
            "depreciation": "None",
            "depreciationAndAmortization": "100000000",
            "incomeBeforeTax": "226000000",
            "incomeTaxExpense": "53000000",
            "interestAndDebtExpense": "None",
            "netIncomeFromContinuingOperations": "173000000",
            "comprehensiveIncomeNetOfTax": "67000000",
            "ebit": "358000000",
            "ebitda": "458000000",
            "netIncome": "173000000"
        },
        {
            "fiscalDateEnding": "2019-12-31",
            "reportedCurrency": "USD",
            "grossProfit": "965000000",
            "totalRevenue": "2456000000",
            "costOfRevenue": "1491000000",
            "costofGoodsAndServicesSold": "3546000000",
            "operatingIncome": "599000000",
            "sellingGeneralAndAdministrative": "268000000",
            "researchAndDevelopment": "None",
            "operatingExpenses": "357000000",
            "investmentIncomeNet": "None",
            "netInterestIncome": "-170000000",
            "interestIncome": "170000000",
            "interestExpense": "170000000",
            "nonInterestIncome": "-26000000",
            "otherNonOperatingIncome": "4000000",
            "depreciation": "None",
            "depreciationAndAmortization": "96000000",
            "incomeBeforeTax": "433000000",
            "incomeTaxExpense": "95000000",
            "interestAndDebtExpense": "29000000",
            "netIncomeFromContinuingOperations": "599000000",
            "comprehensiveIncomeNetOfTax": "369000000",
            "ebit": "599000000",
            "ebitda": "695000000",
            "netIncome": "338000000"
        },
        {
            "fiscalDateEnding": "2019-09-30",
            "reportedCurrency": "USD",
            "grossProfit": "1033000000",
            "totalRevenue": "2488000000",
            "costOfRevenue": "1455000000",
            "costofGoodsAndServicesSold": "417000000",
            "operatingIncome": "656000000",
            "sellingGeneralAndAdministrative": "273000000",
            "researchAndDevelopment": "None",
            "operatingExpenses": "377000000",
            "investmentIncomeNet": "None",
            "netInterestIncome": "-147000000",
            "interestIncome": "147000000",
            "interestExpense": "147000000",
            "nonInterestIncome": "-3198000000",
            "otherNonOperatingIncome": "1000000",
            "depreciation": "417000000",
            "depreciationAndAmortization": "102000000",
            "incomeBeforeTax": "510000000",
            "incomeTaxExpense": "119000000",
            "interestAndDebtExpense": "0",
            "netIncomeFromContinuingOperations": "391000000",
            "comprehensiveIncomeNetOfTax": "368000000",
            "ebit": "656000000",
            "ebitda": "758000000",
            "netIncome": "391000000"
        },
        {
            "fiscalDateEnding": "2019-06-30",
            "reportedCurrency": "USD",
            "grossProfit": "911000000",
            "totalRevenue": "2290000000",
            "costOfRevenue": "1379000000",
            "costofGoodsAndServicesSold": "399000000",
            "operatingIncome": "529000000",
            "sellingGeneralAndAdministrative": "271000000",
            "researchAndDevelopment": "None",
            "operatingExpenses": "382000000",
            "investmentIncomeNet": "None",
            "netInterestIncome": "-180000000",
            "interestIncome": "180000000",
            "interestExpense": "180000000",
            "nonInterestIncome": "1668000000",
            "otherNonOperatingIncome": "2000000",
            "depreciation": "399000000",
            "depreciationAndAmortization": "105000000",
            "incomeBeforeTax": "351000000",
            "incomeTaxExpense": "81000000",
            "interestAndDebtExpense": "None",
            "netIncomeFromContinuingOperations": "270000000",
            "comprehensiveIncomeNetOfTax": "292000000",
            "ebit": "529000000",
            "ebitda": "634000000",
            "netIncome": "270000000"
        },
        {
            "fiscalDateEnding": "2019-03-31",
            "reportedCurrency": "USD",
            "grossProfit": "761000000",
            "totalRevenue": "2117000000",
            "costOfRevenue": "1356000000",
            "costofGoodsAndServicesSold": "395000000",
            "operatingIncome": "368000000",
            "sellingGeneralAndAdministrative": "280000000",
            "researchAndDevelopment": "None",
            "operatingExpenses": "384000000",
            "investmentIncomeNet": "None",
            "netInterestIncome": "-151000000",
            "interestIncome": "151000000",
            "interestExpense": "151000000",
            "nonInterestIncome": "1532000000",
            "otherNonOperatingIncome": "3000000",
            "depreciation": "395000000",
            "depreciationAndAmortization": "104000000",
            "incomeBeforeTax": "220000000",
            "incomeTaxExpense": "45000000",
            "interestAndDebtExpense": "None",
            "netIncomeFromContinuingOperations": "175000000",
            "comprehensiveIncomeNetOfTax": "196000000",
            "ebit": "368000000",
            "ebitda": "472000000",
            "netIncome": "175000000"
        },
        {
            "fiscalDateEnding": "2018-12-31",
            "reportedCurrency": "USD",
            "grossProfit": "998000000",
            "totalRevenue": "2306000000",
            "costOfRevenue": "1308000000",
            "costofGoodsAndServicesSold": "-1566000000",
            "operatingIncome": "563000000",
            "sellingGeneralAndAdministrative": "302000000",
            "researchAndDevelopment": "None",
            "operatingExpenses": "38000000",
            "investmentIncomeNet": "None",
            "netInterestIncome": "None",
            "interestIncome": "None",
            "interestExpense": "142000000",
            "nonInterestIncome": "997000000",
            "otherNonOperatingIncome": "4000000",
            "depreciation": "375000000",
            "depreciationAndAmortization": "95000000",
            "incomeBeforeTax": "425000000",
            "incomeTaxExpense": "115000000",
            "interestAndDebtExpense": "0",
            "netIncomeFromContinuingOperations": "563000000",
            "comprehensiveIncomeNetOfTax": "251000000",
            "ebit": "563000000",
            "ebitda": "658000000",
            "netIncome": "310000000"
        },
        {
            "fiscalDateEnding": "2018-09-30",
            "reportedCurrency": "USD",
            "grossProfit": "938000000",
            "totalRevenue": "2116000000",
            "costOfRevenue": "1178000000",
            "costofGoodsAndServicesSold": "1034000000",
            "operatingIncome": "578000000",
            "sellingGeneralAndAdministrative": "265000000",
            "researchAndDevelopment": "None",
            "operatingExpenses": "360000000",
            "investmentIncomeNet": "None",
            "netInterestIncome": "None",
            "interestIncome": "None",
            "interestExpense": "118000000",
            "nonInterestIncome": "1861000000",
            "otherNonOperatingIncome": "0",
            "depreciation": "343000000",
            "depreciationAndAmortization": "75000000",
            "incomeBeforeTax": "460000000",
            "incomeTaxExpense": "127000000",
            "interestAndDebtExpense": "0",
            "netIncomeFromContinuingOperations": "333000000",
            "comprehensiveIncomeNetOfTax": "351000000",
            "ebit": "578000000",
            "ebitda": "653000000",
            "netIncome": "333000000"
        },
        {
            "fiscalDateEnding": "2018-06-30",
            "reportedCurrency": "USD",
            "grossProfit": "782000000",
            "totalRevenue": "1891000000",
            "costOfRevenue": "1109000000",
            "costofGoodsAndServicesSold": "963000000",
            "operatingIncome": "470000000",
            "sellingGeneralAndAdministrative": "239000000",
            "researchAndDevelopment": "None",
            "operatingExpenses": "312000000",
            "investmentIncomeNet": "None",
            "netInterestIncome": "None",
            "interestIncome": "None",
            "interestExpense": "112000000",
            "nonInterestIncome": "1631000000",
            "otherNonOperatingIncome": "1000000",
            "depreciation": "323000000",
            "depreciationAndAmortization": "67000000",
            "incomeBeforeTax": "359000000",
            "incomeTaxExpense": "89000000",
            "interestAndDebtExpense": "None",
            "netIncomeFromContinuingOperations": "270000000",
            "comprehensiveIncomeNetOfTax": "250000000",
            "ebit": "470000000",
            "ebitda": "537000000",
            "netIncome": "270000000"
        }
    ]
}