{
    "symbol": "VRSK",
    "annualReports": [
        {
            "fiscalDateEnding": "2022-12-31",
            "reportedCurrency": "USD",
            "grossProfit": "1534500000",
            "totalRevenue": "2359100000",
            "costOfRevenue": "824600000",
            "costofGoodsAndServicesSold": "824600000",
            "operatingIncome": "1406500000",
            "sellingGeneralAndAdministrative": "381500000",
            "researchAndDevelopment": "43100000",
            "operatingExpenses": "974300000",
            "investmentIncomeNet": "None",
            "netInterestIncome": "-139900000",
            "interestIncome": "-1100000",
            "interestExpense": "138800000",
            "nonInterestIncome": "2497000000",
            "otherNonOperatingIncome": "None",
            "depreciation": "None",
            "depreciationAndAmortization": "164200000",
            "incomeBeforeTax": "1174200000",
            "incomeTaxExpense": "220300000",
            "interestAndDebtExpense": "138800000",
            "netIncomeFromContinuingOperations": "1041700000",
            "comprehensiveIncomeNetOfTax": "617400000",
            "ebit": "1313000000",
            "ebitda": "1477200000",
            "netIncome": "953900000"
        },
        {
            "fiscalDateEnding": "2021-12-31",
            "reportedCurrency": "USD",
            "grossProfit": "1814100000",
            "totalRevenue": "2871900000",
            "costOfRevenue": "853700000",
            "costofGoodsAndServicesSold": "1057800000",
            "operatingIncome": "911400000",
            "sellingGeneralAndAdministrative": "313200000",
            "researchAndDevelopment": "47100000",
            "operatingExpenses": "830500000",
            "investmentIncomeNet": "None",
            "netInterestIncome": "-128400000",
            "interestIncome": "-1400000",
            "interestExpense": "127000000",
            "nonInterestIncome": "2998600000",
            "otherNonOperatingIncome": "1900000",
            "depreciation": "None",
            "depreciationAndAmortization": "170300000",
            "incomeBeforeTax": "845600000",
            "incomeTaxExpense": "179400000",
            "interestAndDebtExpense": "127000000",
            "netIncomeFromContinuingOperations": "607000000",
            "comprehensiveIncomeNetOfTax": "647300000",
            "ebit": "972600000",
            "ebitda": "1142900000",
            "netIncome": "666200000"
        },
        {
            "fiscalDateEnding": "2020-12-31",
            "reportedCurrency": "USD",
            "grossProfit": "1652200000",
            "totalRevenue": "2646100000",
            "costOfRevenue": "791700000",
            "costofGoodsAndServicesSold": "993900000",
            "operatingIncome": "956300000",
            "sellingGeneralAndAdministrative": "308200000",
            "researchAndDevelopment": "44600000",
            "operatingExpenses": "668700000",
            "investmentIncomeNet": "None",
            "netInterestIncome": "-138200000",
            "interestIncome": "100000",
            "interestExpense": "138300000",
            "nonInterestIncome": "2784000000",
            "otherNonOperatingIncome": "-2400000",
            "depreciation": "None",
            "depreciationAndAmortization": "159200000",
            "incomeBeforeTax": "877300000",
            "incomeTaxExpense": "164600000",
            "interestAndDebtExpense": "138200000",
            "netIncomeFromContinuingOperations": "653800000",
            "comprehensiveIncomeNetOfTax": "823900000",
            "ebit": "1015600000",
            "ebitda": "1174800000",
            "netIncome": "712700000"
        },
        {
            "fiscalDateEnding": "2019-12-31",
            "reportedCurrency": "USD",
            "grossProfit": "1500200000",
            "totalRevenue": "2477000000",
            "costOfRevenue": "976800000",
            "costofGoodsAndServicesSold": "976800000",
            "operatingIncome": "696900000",
            "sellingGeneralAndAdministrative": "603500000",
            "researchAndDevelopment": "60000000",
            "operatingExpenses": "814600000",
            "investmentIncomeNet": "None",
            "netInterestIncome": "-130700000",
            "interestIncome": "-3900000",
            "interestExpense": "126800000",
            "nonInterestIncome": "2607700000",
            "otherNonOperatingIncome": "-6200000",
            "depreciation": "None",
            "depreciationAndAmortization": "185700000",
            "incomeBeforeTax": "568400000",
            "incomeTaxExpense": "118500000",
            "interestAndDebtExpense": "126800000",
            "netIncomeFromContinuingOperations": "449900000",
            "comprehensiveIncomeNetOfTax": "554900000",
            "ebit": "695200000",
            "ebitda": "880900000",
            "netIncome": "449900000"
        },
        {
            "fiscalDateEnding": "2018-12-31",
            "reportedCurrency": "USD",
            "grossProfit": "1374600000",
            "totalRevenue": "2260800000",
            "costOfRevenue": "886200000",
            "costofGoodsAndServicesSold": "886200000",
            "operatingIncome": "834100000",
            "sellingGeneralAndAdministrative": "378700000",
            "researchAndDevelopment": "45100000",
            "operatingExpenses": "597500000",
            "investmentIncomeNet": "None",
            "netInterestIncome": "-133900000",
            "interestIncome": "-4200000",
            "interestExpense": "129700000",
            "nonInterestIncome": "2394700000",
            "otherNonOperatingIncome": "0",
            "depreciation": "None",
            "depreciationAndAmortization": "165300000",
            "incomeBeforeTax": "719700000",
            "incomeTaxExpense": "121000000",
            "interestAndDebtExpense": "129700000",
            "netIncomeFromContinuingOperations": "598700000",
            "comprehensiveIncomeNetOfTax": "419800000",
            "ebit": "849400000",
            "ebitda": "1014700000",
            "netIncome": "598700000"
        }
    ],
    "quarterlyReports": [
        {
            "fiscalDateEnding": "2022-12-31",
            "reportedCurrency": "USD",
            "grossProfit": "137600000",
            "totalRevenue": "188900000",
            "costOfRevenue": "51300000",
            "costofGoodsAndServicesSold": "51300000",
            "operatingIncome": "218200000",
            "sellingGeneralAndAdministrative": "-5600000",
            "researchAndDevelopment": "None",
            "operatingExpenses": "355500000",
            "investmentIncomeNet": "None",
            "netInterestIncome": "-41400000",
            "interestIncome": "-200000",
            "interestExpense": "41200000",
            "nonInterestIncome": "229900000",
            "otherNonOperatingIncome": "None",
            "depreciation": "None",
            "depreciationAndAmortization": "13100000",
            "incomeBeforeTax": "76400000",
            "incomeTaxExpense": "15300000",
            "interestAndDebtExpense": "41200000",
            "netIncomeFromContinuingOperations": "148600000",
            "comprehensiveIncomeNetOfTax": "246000000",
            "ebit": "117600000",
            "ebitda": "130700000",
            "netIncome": "61100000"
        },
        {
            "fiscalDateEnding": "2022-09-30",
            "reportedCurrency": "USD",
            "grossProfit": "464400000",
            "totalRevenue": "711100000",
            "costOfRevenue": "246700000",
            "costofGoodsAndServicesSold": "246700000",
            "operatingIncome": "276600000",
            "sellingGeneralAndAdministrative": "125900000",
            "researchAndDevelopment": "None",
            "operatingExpenses": "179300000",
            "investmentIncomeNet": "None",
            "netInterestIncome": "-34700000",
            "interestIncome": "-200000",
            "interestExpense": "34500000",
            "nonInterestIncome": "745300000",
            "otherNonOperatingIncome": "3100000",
            "depreciation": "None",
            "depreciationAndAmortization": "51700000",
            "incomeBeforeTax": "245100000",
            "incomeTaxExpense": "55700000",
            "interestAndDebtExpense": "34500000",
            "netIncomeFromContinuingOperations": "189500000",
            "comprehensiveIncomeNetOfTax": "-43200000",
            "ebit": "279600000",
            "ebitda": "331300000",
            "netIncome": "189400000"
        },
        {
            "fiscalDateEnding": "2022-06-30",
            "reportedCurrency": "USD",
            "grossProfit": "468500000",
            "totalRevenue": "714600000",
            "costOfRevenue": "246100000",
            "costofGoodsAndServicesSold": "246100000",
            "operatingIncome": "269100000",
            "sellingGeneralAndAdministrative": "125900000",
            "researchAndDevelopment": "None",
            "operatingExpenses": "177900000",
            "investmentIncomeNet": "None",
            "netInterestIncome": "-32200000",
            "interestIncome": "-400000",
            "interestExpense": "31800000",
            "nonInterestIncome": "746300000",
            "otherNonOperatingIncome": "4700000",
            "depreciation": "None",
            "depreciationAndAmortization": "49800000",
            "incomeBeforeTax": "241900000",
            "incomeTaxExpense": "44200000",
            "interestAndDebtExpense": "31800000",
            "netIncomeFromContinuingOperations": "197800000",
            "comprehensiveIncomeNetOfTax": "-20700000",
            "ebit": "273700000",
            "ebitda": "323500000",
            "netIncome": "197700000"
        },
        {
            "fiscalDateEnding": "2022-03-31",
            "reportedCurrency": "USD",
            "grossProfit": "463900000",
            "totalRevenue": "744400000",
            "costOfRevenue": "280500000",
            "costofGoodsAndServicesSold": "280500000",
            "operatingIncome": "642600000",
            "sellingGeneralAndAdministrative": "135300000",
            "researchAndDevelopment": "None",
            "operatingExpenses": "261700000",
            "investmentIncomeNet": "None",
            "netInterestIncome": "-31600000",
            "interestIncome": "-300000",
            "interestExpense": "31300000",
            "nonInterestIncome": "775500000",
            "otherNonOperatingIncome": "-400000",
            "depreciation": "None",
            "depreciationAndAmortization": "49600000",
            "incomeBeforeTax": "610800000",
            "incomeTaxExpense": "105100000",
            "interestAndDebtExpense": "31300000",
            "netIncomeFromContinuingOperations": "505800000",
            "comprehensiveIncomeNetOfTax": "435300000",
            "ebit": "642100000",
            "ebitda": "691700000",
            "netIncome": "505700000"
        },
        {
            "fiscalDateEnding": "2021-12-31",
            "reportedCurrency": "USD",
            "grossProfit": "470800000",
            "totalRevenue": "736000000",
            "costOfRevenue": "61100000",
            "costofGoodsAndServicesSold": "265200000",
            "operatingIncome": "104700000",
            "sellingGeneralAndAdministrative": "-33100000",
            "researchAndDevelopment": "None",
            "operatingExpenses": "316400000",
            "investmentIncomeNet": "None",
            "netInterestIncome": "-30500000",
            "interestIncome": "-300000",
            "interestExpense": "30200000",
            "nonInterestIncome": "766000000",
            "otherNonOperatingIncome": "600000",
            "depreciation": "None",
            "depreciationAndAmortization": "16400000",
            "incomeBeforeTax": "134600000",
            "incomeTaxExpense": "-7300000",
            "interestAndDebtExpense": "30200000",
            "netIncomeFromContinuingOperations": "82500000",
            "comprehensiveIncomeNetOfTax": "175300000",
            "ebit": "164800000",
            "ebitda": "181200000",
            "netIncome": "141900000"
        },
        {
            "fiscalDateEnding": "2021-09-30",
            "reportedCurrency": "USD",
            "grossProfit": "463800000",
            "totalRevenue": "729100000",
            "costOfRevenue": "265300000",
            "costofGoodsAndServicesSold": "265300000",
            "operatingIncome": "288900000",
            "sellingGeneralAndAdministrative": "115100000",
            "researchAndDevelopment": "None",
            "operatingExpenses": "171600000",
            "investmentIncomeNet": "None",
            "netInterestIncome": "-30300000",
            "interestIncome": "-400000",
            "interestExpense": "29900000",
            "nonInterestIncome": "759000000",
            "otherNonOperatingIncome": "100000",
            "depreciation": "None",
            "depreciationAndAmortization": "52100000",
            "incomeBeforeTax": "255900000",
            "incomeTaxExpense": "54200000",
            "interestAndDebtExpense": "29900000",
            "netIncomeFromContinuingOperations": "204900000",
            "comprehensiveIncomeNetOfTax": "122500000",
            "ebit": "285800000",
            "ebitda": "337900000",
            "netIncome": "201700000"
        },
        {
            "fiscalDateEnding": "2021-06-30",
            "reportedCurrency": "USD",
            "grossProfit": "451200000",
            "totalRevenue": "716100000",
            "costOfRevenue": "264900000",
            "costofGoodsAndServicesSold": "264900000",
            "operatingIncome": "267400000",
            "sellingGeneralAndAdministrative": "111400000",
            "researchAndDevelopment": "None",
            "operatingExpenses": "170500000",
            "investmentIncomeNet": "None",
            "netInterestIncome": "-31800000",
            "interestIncome": "-300000",
            "interestExpense": "31500000",
            "nonInterestIncome": "747500000",
            "otherNonOperatingIncome": "-500000",
            "depreciation": "None",
            "depreciationAndAmortization": "53300000",
            "incomeBeforeTax": "237800000",
            "incomeTaxExpense": "83800000",
            "interestAndDebtExpense": "31500000",
            "netIncomeFromContinuingOperations": "151600000",
            "comprehensiveIncomeNetOfTax": "171200000",
            "ebit": "269300000",
            "ebitda": "322600000",
            "netIncome": "154000000"
        },
        {
            "fiscalDateEnding": "2021-03-31",
            "reportedCurrency": "USD",
            "grossProfit": "428700000",
            "totalRevenue": "691100000",
            "costOfRevenue": "262400000",
            "costofGoodsAndServicesSold": "262400000",
            "operatingIncome": "250400000",
            "sellingGeneralAndAdministrative": "119800000",
            "researchAndDevelopment": "None",
            "operatingExpenses": "172000000",
            "investmentIncomeNet": "None",
            "netInterestIncome": "-35400000",
            "interestIncome": "None",
            "interestExpense": "35400000",
            "nonInterestIncome": "726100000",
            "otherNonOperatingIncome": "1700000",
            "depreciation": "None",
            "depreciationAndAmortization": "48500000",
            "incomeBeforeTax": "217300000",
            "incomeTaxExpense": "48700000",
            "interestAndDebtExpense": "35400000",
            "netIncomeFromContinuingOperations": "168000000",
            "comprehensiveIncomeNetOfTax": "178300000",
            "ebit": "252700000",
            "ebitda": "301200000",
            "netIncome": "168600000"
        },
        {
            "fiscalDateEnding": "2020-12-31",
            "reportedCurrency": "USD",
            "grossProfit": "418600000",
            "totalRevenue": "679100000",
            "costOfRevenue": "58300000",
            "costofGoodsAndServicesSold": "260500000",
            "operatingIncome": "168800000",
            "sellingGeneralAndAdministrative": "3400000",
            "researchAndDevelopment": "None",
            "operatingExpenses": "235200000",
            "investmentIncomeNet": "None",
            "netInterestIncome": "-34000000",
            "interestIncome": "1400000",
            "interestExpense": "35400000",
            "nonInterestIncome": "712800000",
            "otherNonOperatingIncome": "-1600000",
            "depreciation": "None",
            "depreciationAndAmortization": "17900000",
            "incomeBeforeTax": "195800000",
            "incomeTaxExpense": "19600000",
            "interestAndDebtExpense": "35300000",
            "netIncomeFromContinuingOperations": "117300000",
            "comprehensiveIncomeNetOfTax": "341400000",
            "ebit": "231200000",
            "ebitda": "249100000",
            "netIncome": "176200000"
        },
        {
            "fiscalDateEnding": "2020-09-30",
            "reportedCurrency": "USD",
            "grossProfit": "426900000",
            "totalRevenue": "666900000",
            "costOfRevenue": "240000000",
            "costofGoodsAndServicesSold": "240000000",
            "operatingIncome": "275400000",
            "sellingGeneralAndAdministrative": "96400000",
            "researchAndDevelopment": "None",
            "operatingExpenses": "147200000",
            "investmentIncomeNet": "None",
            "netInterestIncome": "-35800000",
            "interestIncome": "-500000",
            "interestExpense": "35300000",
            "nonInterestIncome": "702700000",
            "otherNonOperatingIncome": "-100000",
            "depreciation": "None",
            "depreciationAndAmortization": "49400000",
            "incomeBeforeTax": "240000000",
            "incomeTaxExpense": "54200000",
            "interestAndDebtExpense": "35300000",
            "netIncomeFromContinuingOperations": "185800000",
            "comprehensiveIncomeNetOfTax": "302100000",
            "ebit": "275300000",
            "ebitda": "324700000",
            "netIncome": "185800000"
        },
        {
            "fiscalDateEnding": "2020-06-30",
            "reportedCurrency": "USD",
            "grossProfit": "408800000",
            "totalRevenue": "644600000",
            "costOfRevenue": "235800000",
            "costofGoodsAndServicesSold": "235800000",
            "operatingIncome": "259700000",
            "sellingGeneralAndAdministrative": "96400000",
            "researchAndDevelopment": "None",
            "operatingExpenses": "146200000",
            "investmentIncomeNet": "None",
            "netInterestIncome": "-34700000",
            "interestIncome": "-500000",
            "interestExpense": "34200000",
            "nonInterestIncome": "679300000",
            "otherNonOperatingIncome": "-700000",
            "depreciation": "None",
            "depreciationAndAmortization": "45900000",
            "incomeBeforeTax": "224800000",
            "incomeTaxExpense": "45800000",
            "interestAndDebtExpense": "34200000",
            "netIncomeFromContinuingOperations": "179000000",
            "comprehensiveIncomeNetOfTax": "180500000",
            "ebit": "259000000",
            "ebitda": "304900000",
            "netIncome": "179000000"
        },
        {
            "fiscalDateEnding": "2020-03-31",
            "reportedCurrency": "USD",
            "grossProfit": "417500000",
            "totalRevenue": "675200000",
            "costOfRevenue": "257700000",
            "costofGoodsAndServicesSold": "257700000",
            "operatingIncome": "252300000",
            "sellingGeneralAndAdministrative": "112100000",
            "researchAndDevelopment": "None",
            "operatingExpenses": "136800000",
            "investmentIncomeNet": "None",
            "netInterestIncome": "-33500000",
            "interestIncome": "35600000",
            "interestExpense": "33500000",
            "nonInterestIncome": "689300000",
            "otherNonOperatingIncome": "None",
            "depreciation": "None",
            "depreciationAndAmortization": "46100000",
            "incomeBeforeTax": "216700000",
            "incomeTaxExpense": "45000000",
            "interestAndDebtExpense": "33500000",
            "netIncomeFromContinuingOperations": "171700000",
            "comprehensiveIncomeNetOfTax": "-100000",
            "ebit": "250200000",
            "ebitda": "296300000",
            "netIncome": "171700000"
        },
        {
            "fiscalDateEnding": "2019-12-31",
            "reportedCurrency": "USD",
            "grossProfit": "-15000000",
            "totalRevenue": "639700000",
            "costOfRevenue": "259800000",
            "costofGoodsAndServicesSold": "259800000",
            "operatingIncome": "206600000",
            "sellingGeneralAndAdministrative": "124800000",
            "researchAndDevelopment": "None",
            "operatingExpenses": "13200000",
            "investmentIncomeNet": "None",
            "netInterestIncome": "-1800000",
            "interestIncome": "31300000",
            "interestExpense": "33100000",
            "nonInterestIncome": "676700000",
            "otherNonOperatingIncome": "None",
            "depreciation": "None",
            "depreciationAndAmortization": "47700000",
            "incomeBeforeTax": "172100000",
            "incomeTaxExpense": "39900000",
            "interestAndDebtExpense": "1800000",
            "netIncomeFromContinuingOperations": "-28200000",
            "comprehensiveIncomeNetOfTax": "323700000",
            "ebit": "205200000",
            "ebitda": "252900000",
            "netIncome": "132200000"
        },
        {
            "fiscalDateEnding": "2019-09-30",
            "reportedCurrency": "USD",
            "grossProfit": "378600000",
            "totalRevenue": "621500000",
            "costOfRevenue": "242900000",
            "costofGoodsAndServicesSold": "242900000",
            "operatingIncome": "69500000",
            "sellingGeneralAndAdministrative": "255000000",
            "researchAndDevelopment": "None",
            "operatingExpenses": "308800000",
            "investmentIncomeNet": "None",
            "netInterestIncome": "-31300000",
            "interestIncome": "36800000",
            "interestExpense": "31300000",
            "nonInterestIncome": "652800000",
            "otherNonOperatingIncome": "-5500000",
            "depreciation": "None",
            "depreciationAndAmortization": "45800000",
            "incomeBeforeTax": "38900000",
            "incomeTaxExpense": "6000000",
            "interestAndDebtExpense": "31300000",
            "netIncomeFromContinuingOperations": "32900000",
            "comprehensiveIncomeNetOfTax": "-53300000",
            "ebit": "70200000",
            "ebitda": "116000000",
            "netIncome": "32900000"
        },
        {
            "fiscalDateEnding": "2019-06-30",
            "reportedCurrency": "USD",
            "grossProfit": "379400000",
            "totalRevenue": "622100000",
            "costOfRevenue": "242700000",
            "costofGoodsAndServicesSold": "242700000",
            "operatingIncome": "218300000",
            "sellingGeneralAndAdministrative": "112300000",
            "researchAndDevelopment": "None",
            "operatingExpenses": "160100000",
            "investmentIncomeNet": "None",
            "netInterestIncome": "-30500000",
            "interestIncome": "31000000",
            "interestExpense": "30500000",
            "nonInterestIncome": "652600000",
            "otherNonOperatingIncome": "-500000",
            "depreciation": "None",
            "depreciationAndAmortization": "45700000",
            "incomeBeforeTax": "187300000",
            "incomeTaxExpense": "36900000",
            "interestAndDebtExpense": "30500000",
            "netIncomeFromContinuingOperations": "150400000",
            "comprehensiveIncomeNetOfTax": "90500000",
            "ebit": "217800000",
            "ebitda": "263500000",
            "netIncome": "150400000"
        },
        {
            "fiscalDateEnding": "2019-03-31",
            "reportedCurrency": "USD",
            "grossProfit": "361700000",
            "totalRevenue": "593100000",
            "costOfRevenue": "231400000",
            "costofGoodsAndServicesSold": "231400000",
            "operatingIncome": "202400000",
            "sellingGeneralAndAdministrative": "111400000",
            "researchAndDevelopment": "None",
            "operatingExpenses": "159200000",
            "investmentIncomeNet": "None",
            "netInterestIncome": "-31900000",
            "interestIncome": "32300000",
            "interestExpense": "31900000",
            "nonInterestIncome": "625000000",
            "otherNonOperatingIncome": "-400000",
            "depreciation": "None",
            "depreciationAndAmortization": "46600000",
            "incomeBeforeTax": "170100000",
            "incomeTaxExpense": "35700000",
            "interestAndDebtExpense": "31900000",
            "netIncomeFromContinuingOperations": "134400000",
            "comprehensiveIncomeNetOfTax": "194000000",
            "ebit": "202000000",
            "ebitda": "248600000",
            "netIncome": "134400000"
        },
        {
            "fiscalDateEnding": "2018-12-31",
            "reportedCurrency": "USD",
            "grossProfit": "255600000",
            "totalRevenue": "479600000",
            "costOfRevenue": "224000000",
            "costofGoodsAndServicesSold": "224000000",
            "operatingIncome": "216200000",
            "sellingGeneralAndAdministrative": "97700000",
            "researchAndDevelopment": "47600000",
            "operatingExpenses": "189400000",
            "investmentIncomeNet": "None",
            "netInterestIncome": "-36800000",
            "interestIncome": "None",
            "interestExpense": "32600000",
            "nonInterestIncome": "613700000",
            "otherNonOperatingIncome": "-4000000",
            "depreciation": "None",
            "depreciationAndAmortization": "43700000",
            "incomeBeforeTax": "179600000",
            "incomeTaxExpense": "33400000",
            "interestAndDebtExpense": "32600000",
            "netIncomeFromContinuingOperations": "146200000",
            "comprehensiveIncomeNetOfTax": "63900000",
            "ebit": "212200000",
            "ebitda": "255900000",
            "netIncome": "146200000"
        },
        {
            "fiscalDateEnding": "2018-09-30",
            "reportedCurrency": "USD",
            "grossProfit": "379500000",
            "totalRevenue": "598700000",
            "costOfRevenue": "219200000",
            "costofGoodsAndServicesSold": "219200000",
            "operatingIncome": "211100000",
            "sellingGeneralAndAdministrative": "95700000",
            "researchAndDevelopment": "None",
            "operatingExpenses": "135200000",
            "investmentIncomeNet": "None",
            "netInterestIncome": "-32400000",
            "interestIncome": "None",
            "interestExpense": "32400000",
            "nonInterestIncome": "598700000",
            "otherNonOperatingIncome": "14100000",
            "depreciation": "None",
            "depreciationAndAmortization": "39500000",
            "incomeBeforeTax": "192800000",
            "incomeTaxExpense": "26800000",
            "interestAndDebtExpense": "32400000",
            "netIncomeFromContinuingOperations": "166000000",
            "comprehensiveIncomeNetOfTax": "130600000",
            "ebit": "225200000",
            "ebitda": "264700000",
            "netIncome": "166000000"
        },
        {
            "fiscalDateEnding": "2018-06-30",
            "reportedCurrency": "USD",
            "grossProfit": "378900000",
            "totalRevenue": "601300000",
            "costOfRevenue": "222400000",
            "costofGoodsAndServicesSold": "222400000",
            "operatingIncome": "212300000",
            "sellingGeneralAndAdministrative": "93000000",
            "researchAndDevelopment": "None",
            "operatingExpenses": "135100000",
            "investmentIncomeNet": "None",
            "netInterestIncome": "-31900000",
            "interestIncome": "None",
            "interestExpense": "31900000",
            "nonInterestIncome": "601300000",
            "otherNonOperatingIncome": "4600000",
            "depreciation": "None",
            "depreciationAndAmortization": "41600000",
            "incomeBeforeTax": "185000000",
            "incomeTaxExpense": "31500000",
            "interestAndDebtExpense": "31900000",
            "netIncomeFromContinuingOperations": "153500000",
            "comprehensiveIncomeNetOfTax": "-11400000",
            "ebit": "216900000",
            "ebitda": "258500000",
            "netIncome": "153500000"
        },
        {
            "fiscalDateEnding": "2018-03-31",
            "reportedCurrency": "USD",
            "grossProfit": "360000000",
            "totalRevenue": "581200000",
            "costOfRevenue": "221200000",
            "costofGoodsAndServicesSold": "221200000",
            "operatingIncome": "194500000",
            "sellingGeneralAndAdministrative": "91800000",
            "researchAndDevelopment": "None",
            "operatingExpenses": "134500000",
            "investmentIncomeNet": "None",
            "netInterestIncome": "-32800000",
            "interestIncome": "None",
            "interestExpense": "32800000",
            "nonInterestIncome": "581200000",
            "otherNonOperatingIncome": "600000",
            "depreciation": "None",
            "depreciationAndAmortization": "40500000",
            "incomeBeforeTax": "162300000",
            "incomeTaxExpense": "29300000",
            "interestAndDebtExpense": "32800000",
            "netIncomeFromContinuingOperations": "133000000",
            "comprehensiveIncomeNetOfTax": "236700000",
            "ebit": "195100000",
            "ebitda": "235600000",
            "netIncome": "133000000"
        }
    ]
}