{
    "symbol": "VTRS",
    "annualReports": [
        {
            "fiscalDateEnding": "2022-12-31",
            "reportedCurrency": "USD",
            "grossProfit": "6497000000",
            "totalRevenue": "16262700000",
            "costOfRevenue": "9765700000",
            "costofGoodsAndServicesSold": "9765700000",
            "operatingIncome": "1614900000",
            "sellingGeneralAndAdministrative": "4179100000",
            "researchAndDevelopment": "698600000",
            "operatingExpenses": "4882100000",
            "investmentIncomeNet": "None",
            "netInterestIncome": "-592400000",
            "interestIncome": "None",
            "interestExpense": "592400000",
            "nonInterestIncome": "17972200000",
            "otherNonOperatingIncome": "1790700000",
            "depreciation": "349500000",
            "depreciationAndAmortization": "2504600000",
            "incomeBeforeTax": "2813200000",
            "incomeTaxExpense": "734600000",
            "interestAndDebtExpense": "592400000",
            "netIncomeFromContinuingOperations": "2078600000",
            "comprehensiveIncomeNetOfTax": "1061700000",
            "ebit": "1614900000",
            "ebitda": "5910200000",
            "netIncome": "2078600000"
        },
        {
            "fiscalDateEnding": "2021-12-31",
            "reportedCurrency": "USD",
            "grossProfit": "5575500000",
            "totalRevenue": "17886300000",
            "costOfRevenue": "12310800000",
            "costofGoodsAndServicesSold": "12310800000",
            "operatingIncome": "-34000000",
            "sellingGeneralAndAdministrative": "4529200000",
            "researchAndDevelopment": "751100000",
            "operatingExpenses": "5609500000",
            "investmentIncomeNet": "None",
            "netInterestIncome": "-636200000",
            "interestIncome": "None",
            "interestExpense": "636200000",
            "nonInterestIncome": "17813600000",
            "otherNonOperatingIncome": "5800000",
            "depreciation": "509500000",
            "depreciationAndAmortization": "2702200000",
            "incomeBeforeTax": "-664400000",
            "incomeTaxExpense": "604700000",
            "interestAndDebtExpense": "636200000",
            "netIncomeFromContinuingOperations": "-1269100000",
            "comprehensiveIncomeNetOfTax": "-2155400000",
            "ebit": "-34000000",
            "ebitda": "2674000000",
            "netIncome": "-1269100000"
        },
        {
            "fiscalDateEnding": "2020-12-31",
            "reportedCurrency": "USD",
            "grossProfit": "3796700000",
            "totalRevenue": "11946000000",
            "costOfRevenue": "8149300000",
            "costofGoodsAndServicesSold": "8149300000",
            "operatingIncome": "-210800000",
            "sellingGeneralAndAdministrative": "3344600000",
            "researchAndDevelopment": "555100000",
            "operatingExpenses": "4007500000",
            "investmentIncomeNet": "None",
            "netInterestIncome": "-497800000",
            "interestIncome": "None",
            "interestExpense": "497800000",
            "nonInterestIncome": "11809800000",
            "otherNonOperatingIncome": "-12600000",
            "depreciation": "289700000",
            "depreciationAndAmortization": "1605800000",
            "incomeBeforeTax": "-721200000",
            "incomeTaxExpense": "-51300000",
            "interestAndDebtExpense": "497800000",
            "netIncomeFromContinuingOperations": "-669900000",
            "comprehensiveIncomeNetOfTax": "269300000",
            "ebit": "-210800000",
            "ebitda": "1382400000",
            "netIncome": "-669900000"
        },
        {
            "fiscalDateEnding": "2019-12-31",
            "reportedCurrency": "USD",
            "grossProfit": "3897600000",
            "totalRevenue": "11500500000",
            "costOfRevenue": "7602900000",
            "costofGoodsAndServicesSold": "7602900000",
            "operatingIncome": "715500000",
            "sellingGeneralAndAdministrative": "2563600000",
            "researchAndDevelopment": "639900000",
            "operatingExpenses": "3182100000",
            "investmentIncomeNet": "None",
            "netInterestIncome": "-517300000",
            "interestIncome": "None",
            "interestExpense": "517300000",
            "nonInterestIncome": "0",
            "otherNonOperatingIncome": "-43800000",
            "depreciation": "256100000",
            "depreciationAndAmortization": "1582700000",
            "incomeBeforeTax": "137600000",
            "incomeTaxExpense": "137600000",
            "interestAndDebtExpense": "517300000",
            "netIncomeFromContinuingOperations": "16800000",
            "comprehensiveIncomeNetOfTax": "0",
            "ebit": "654900000",
            "ebitda": "2237600000",
            "netIncome": "0"
        }
    ],
    "quarterlyReports": [
        {
            "fiscalDateEnding": "2022-12-31",
            "reportedCurrency": "USD",
            "grossProfit": "1274100000",
            "totalRevenue": "3876000000",
            "costOfRevenue": "2601900000",
            "costofGoodsAndServicesSold": "2601900000",
            "operatingIncome": "-201300000",
            "sellingGeneralAndAdministrative": "1265400000",
            "researchAndDevelopment": "218800000",
            "operatingExpenses": "1475400000",
            "investmentIncomeNet": "None",
            "netInterestIncome": "-147100000",
            "interestIncome": "None",
            "interestExpense": "147100000",
            "nonInterestIncome": "5621200000",
            "otherNonOperatingIncome": "1817300000",
            "depreciation": "None",
            "depreciationAndAmortization": "606500000",
            "incomeBeforeTax": "947600000",
            "incomeTaxExpense": "457700000",
            "interestAndDebtExpense": "147100000",
            "netIncomeFromContinuingOperations": "1011200000",
            "comprehensiveIncomeNetOfTax": "2009100000",
            "ebit": "-201300000",
            "ebitda": "1701200000",
            "netIncome": "489900000"
        },
        {
            "fiscalDateEnding": "2022-09-30",
            "reportedCurrency": "USD",
            "grossProfit": "1748400000",
            "totalRevenue": "4078200000",
            "costOfRevenue": "2329800000",
            "costofGoodsAndServicesSold": "2329800000",
            "operatingIncome": "560100000",
            "sellingGeneralAndAdministrative": "1017300000",
            "researchAndDevelopment": "174900000",
            "operatingExpenses": "1188300000",
            "investmentIncomeNet": "None",
            "netInterestIncome": "-153200000",
            "interestIncome": "None",
            "interestExpense": "153200000",
            "nonInterestIncome": "4067400000",
            "otherNonOperatingIncome": "20600000",
            "depreciation": "None",
            "depreciationAndAmortization": "615900000",
            "incomeBeforeTax": "612800000",
            "incomeTaxExpense": "73200000",
            "interestAndDebtExpense": "153200000",
            "netIncomeFromContinuingOperations": "354300000",
            "comprehensiveIncomeNetOfTax": "-505600000",
            "ebit": "560100000",
            "ebitda": "1381900000",
            "netIncome": "539600000"
        },
        {
            "fiscalDateEnding": "2022-06-30",
            "reportedCurrency": "USD",
            "grossProfit": "1703300000",
            "totalRevenue": "4116800000",
            "costOfRevenue": "2413500000",
            "costofGoodsAndServicesSold": "2413500000",
            "operatingIncome": "548700000",
            "sellingGeneralAndAdministrative": "981100000",
            "researchAndDevelopment": "162600000",
            "operatingExpenses": "1154600000",
            "investmentIncomeNet": "None",
            "netInterestIncome": "-145900000",
            "interestIncome": "None",
            "interestExpense": "145900000",
            "nonInterestIncome": "4105400000",
            "otherNonOperatingIncome": "-13500000",
            "depreciation": "None",
            "depreciationAndAmortization": "634100000",
            "incomeBeforeTax": "556200000",
            "incomeTaxExpense": "75400000",
            "interestAndDebtExpense": "145900000",
            "netIncomeFromContinuingOperations": "313900000",
            "comprehensiveIncomeNetOfTax": "-524300000",
            "ebit": "548700000",
            "ebitda": "1336200000",
            "netIncome": "480800000"
        },
        {
            "fiscalDateEnding": "2022-03-31",
            "reportedCurrency": "USD",
            "grossProfit": "1771200000",
            "totalRevenue": "4191700000",
            "costOfRevenue": "2420500000",
            "costofGoodsAndServicesSold": "2420500000",
            "operatingIncome": "707400000",
            "sellingGeneralAndAdministrative": "915300000",
            "researchAndDevelopment": "142300000",
            "operatingExpenses": "1063800000",
            "investmentIncomeNet": "None",
            "netInterestIncome": "-146200000",
            "interestIncome": "None",
            "interestExpense": "146200000",
            "nonInterestIncome": "4178200000",
            "otherNonOperatingIncome": "-33700000",
            "depreciation": "None",
            "depreciationAndAmortization": "648100000",
            "incomeBeforeTax": "696600000",
            "incomeTaxExpense": "128300000",
            "interestAndDebtExpense": "146200000",
            "netIncomeFromContinuingOperations": "399200000",
            "comprehensiveIncomeNetOfTax": "82500000",
            "ebit": "707400000",
            "ebitda": "1490900000",
            "netIncome": "568300000"
        },
        {
            "fiscalDateEnding": "2021-12-31",
            "reportedCurrency": "USD",
            "grossProfit": "1546400000",
            "totalRevenue": "4341600000",
            "costOfRevenue": "2795200000",
            "costofGoodsAndServicesSold": "2795200000",
            "operatingIncome": "-77600000",
            "sellingGeneralAndAdministrative": "1082900000",
            "researchAndDevelopment": "267200000",
            "operatingExpenses": "1624000000",
            "investmentIncomeNet": "None",
            "netInterestIncome": "-148200000",
            "interestIncome": "None",
            "interestExpense": "148200000",
            "nonInterestIncome": "4331300000",
            "otherNonOperatingIncome": "21900000",
            "depreciation": "None",
            "depreciationAndAmortization": "664700000",
            "incomeBeforeTax": "-203900000",
            "incomeTaxExpense": "59900000",
            "interestAndDebtExpense": "148200000",
            "netIncomeFromContinuingOperations": "-263800000",
            "comprehensiveIncomeNetOfTax": "-536200000",
            "ebit": "-77600000",
            "ebitda": "609000000",
            "netIncome": "-263800000"
        },
        {
            "fiscalDateEnding": "2021-09-30",
            "reportedCurrency": "USD",
            "grossProfit": "1574100000",
            "totalRevenue": "4536600000",
            "costOfRevenue": "2962500000",
            "costofGoodsAndServicesSold": "2962500000",
            "operatingIncome": "357600000",
            "sellingGeneralAndAdministrative": "1055000000",
            "researchAndDevelopment": "152100000",
            "operatingExpenses": "1216500000",
            "investmentIncomeNet": "None",
            "netInterestIncome": "-151900000",
            "interestIncome": "None",
            "interestExpense": "151900000",
            "nonInterestIncome": "4520500000",
            "otherNonOperatingIncome": "-5800000",
            "depreciation": "None",
            "depreciationAndAmortization": "671500000",
            "incomeBeforeTax": "199900000",
            "incomeTaxExpense": "-111600000",
            "interestAndDebtExpense": "151900000",
            "netIncomeFromContinuingOperations": "311500000",
            "comprehensiveIncomeNetOfTax": "44600000",
            "ebit": "357600000",
            "ebitda": "1023300000",
            "netIncome": "311500000"
        },
        {
            "fiscalDateEnding": "2021-06-30",
            "reportedCurrency": "USD",
            "grossProfit": "1327700000",
            "totalRevenue": "4577800000",
            "costOfRevenue": "3250100000",
            "costofGoodsAndServicesSold": "3250100000",
            "operatingIncome": "-47800000",
            "sellingGeneralAndAdministrative": "1204800000",
            "researchAndDevelopment": "147700000",
            "operatingExpenses": "1375500000",
            "investmentIncomeNet": "None",
            "netInterestIncome": "-167100000",
            "interestIncome": "None",
            "interestExpense": "167100000",
            "nonInterestIncome": "4561700000",
            "otherNonOperatingIncome": "-4200000",
            "depreciation": "None",
            "depreciationAndAmortization": "681600000",
            "incomeBeforeTax": "-219100000",
            "incomeTaxExpense": "60100000",
            "interestAndDebtExpense": "167100000",
            "netIncomeFromContinuingOperations": "-279200000",
            "comprehensiveIncomeNetOfTax": "-98600000",
            "ebit": "-47800000",
            "ebitda": "629600000",
            "netIncome": "-279200000"
        },
        {
            "fiscalDateEnding": "2021-03-31",
            "reportedCurrency": "USD",
            "grossProfit": "1127300000",
            "totalRevenue": "4430300000",
            "costOfRevenue": "3303000000",
            "costofGoodsAndServicesSold": "3303000000",
            "operatingIncome": "-266200000",
            "sellingGeneralAndAdministrative": "1186500000",
            "researchAndDevelopment": "184100000",
            "operatingExpenses": "1393500000",
            "investmentIncomeNet": "None",
            "netInterestIncome": "-169000000",
            "interestIncome": "None",
            "interestExpense": "169000000",
            "nonInterestIncome": "4400100000",
            "otherNonOperatingIncome": "-6100000",
            "depreciation": "None",
            "depreciationAndAmortization": "684400000",
            "incomeBeforeTax": "-441300000",
            "incomeTaxExpense": "596300000",
            "interestAndDebtExpense": "169000000",
            "netIncomeFromContinuingOperations": "-1037600000",
            "comprehensiveIncomeNetOfTax": "-1565200000",
            "ebit": "-266200000",
            "ebitda": "412100000",
            "netIncome": "-1037600000"
        },
        {
            "fiscalDateEnding": "2020-12-31",
            "reportedCurrency": "USD",
            "grossProfit": "706400000",
            "totalRevenue": "3623500000",
            "costOfRevenue": "2917100000",
            "costofGoodsAndServicesSold": "2917100000",
            "operatingIncome": "-881100000",
            "sellingGeneralAndAdministrative": "1361400000",
            "researchAndDevelopment": "154800000",
            "operatingExpenses": "1587500000",
            "investmentIncomeNet": "None",
            "netInterestIncome": "-421800000",
            "interestIncome": "-277400000",
            "interestExpense": "144400000",
            "nonInterestIncome": "11953800000",
            "otherNonOperatingIncome": "12000000",
            "depreciation": "None",
            "depreciationAndAmortization": "534900000",
            "incomeBeforeTax": "-597600000",
            "incomeTaxExpense": "-97700000",
            "interestAndDebtExpense": "421800000",
            "netIncomeFromContinuingOperations": "-499900000",
            "comprehensiveIncomeNetOfTax": "-350000000",
            "ebit": "-881100000",
            "ebitda": "81700000",
            "netIncome": "-499900000"
        },
        {
            "fiscalDateEnding": "2020-09-30",
            "reportedCurrency": "USD",
            "grossProfit": "1158500000",
            "totalRevenue": "2972100000",
            "costOfRevenue": "1813600000",
            "costofGoodsAndServicesSold": "1813600000",
            "operatingIncome": "351400000",
            "sellingGeneralAndAdministrative": "658400000",
            "researchAndDevelopment": "129800000",
            "operatingExpenses": "788200000",
            "investmentIncomeNet": "None",
            "netInterestIncome": "-71000000",
            "interestIncome": "None",
            "interestExpense": "117300000",
            "nonInterestIncome": "-148000000",
            "otherNonOperatingIncome": "None",
            "depreciation": "None",
            "depreciationAndAmortization": "449900000",
            "incomeBeforeTax": "241600000",
            "incomeTaxExpense": "55900000",
            "interestAndDebtExpense": "71000000",
            "netIncomeFromContinuingOperations": "-169000000",
            "comprehensiveIncomeNetOfTax": "None",
            "ebit": "351400000",
            "ebitda": "801300000",
            "netIncome": "-169000000"
        },
        {
            "fiscalDateEnding": "2020-06-30",
            "reportedCurrency": "USD",
            "grossProfit": "1025700000",
            "totalRevenue": "2731200000",
            "costOfRevenue": "1705500000",
            "costofGoodsAndServicesSold": "1705500000",
            "operatingIncome": "134200000",
            "sellingGeneralAndAdministrative": "719400000",
            "researchAndDevelopment": "156300000",
            "operatingExpenses": "875700000",
            "investmentIncomeNet": "None",
            "netInterestIncome": "-5300000",
            "interestIncome": "None",
            "interestExpense": "116200000",
            "nonInterestIncome": "3900000",
            "otherNonOperatingIncome": "None",
            "depreciation": "None",
            "depreciationAndAmortization": "437300000",
            "incomeBeforeTax": "20000000",
            "incomeTaxExpense": "-19400000",
            "interestAndDebtExpense": "5300000",
            "netIncomeFromContinuingOperations": "-900000",
            "comprehensiveIncomeNetOfTax": "None",
            "ebit": "134200000",
            "ebitda": "571500000",
            "netIncome": "-900000"
        },
        {
            "fiscalDateEnding": "2020-03-31",
            "reportedCurrency": "USD",
            "grossProfit": "1087400000",
            "totalRevenue": "3191800000",
            "costOfRevenue": "2104400000",
            "costofGoodsAndServicesSold": "2104400000",
            "operatingIncome": "272300000",
            "sellingGeneralAndAdministrative": "605400000",
            "researchAndDevelopment": "151800000",
            "operatingExpenses": "806200000",
            "investmentIncomeNet": "None",
            "netInterestIncome": "-119900000",
            "interestIncome": "None",
            "interestExpense": "126000000",
            "nonInterestIncome": "0",
            "otherNonOperatingIncome": "None",
            "depreciation": "None",
            "depreciationAndAmortization": "540500000",
            "incomeBeforeTax": "135200000",
            "incomeTaxExpense": "114700000",
            "interestAndDebtExpense": "None",
            "netIncomeFromContinuingOperations": "20800000",
            "comprehensiveIncomeNetOfTax": "None",
            "ebit": "272300000",
            "ebitda": "812800000",
            "netIncome": "0"
        },
        {
            "fiscalDateEnding": "2019-09-30",
            "reportedCurrency": "USD",
            "grossProfit": "1072400000",
            "totalRevenue": "2961700000",
            "costOfRevenue": "1889300000",
            "costofGoodsAndServicesSold": "1889300000",
            "operatingIncome": "323700000",
            "sellingGeneralAndAdministrative": "632700000",
            "researchAndDevelopment": "167900000",
            "operatingExpenses": "0",
            "investmentIncomeNet": "None",
            "netInterestIncome": "-128900000",
            "interestIncome": "None",
            "interestExpense": "128900000",
            "nonInterestIncome": "None",
            "otherNonOperatingIncome": "0",
            "depreciation": "None",
            "depreciationAndAmortization": "408400000",
            "incomeBeforeTax": "185800000",
            "incomeTaxExpense": "0",
            "interestAndDebtExpense": "None",
            "netIncomeFromContinuingOperations": "189800000",
            "comprehensiveIncomeNetOfTax": "0",
            "ebit": "323700000",
            "ebitda": "732100000",
            "netIncome": "0"
        },
        {
            "fiscalDateEnding": "2019-06-30",
            "reportedCurrency": "USD",
            "grossProfit": "932600000",
            "totalRevenue": "2851500000",
            "costOfRevenue": "1918900000",
            "costofGoodsAndServicesSold": "1918900000",
            "operatingIncome": "95500000",
            "sellingGeneralAndAdministrative": "668600000",
            "researchAndDevelopment": "147600000",
            "operatingExpenses": "0",
            "investmentIncomeNet": "None",
            "netInterestIncome": "None",
            "interestIncome": "None",
            "interestExpense": "131200000",
            "nonInterestIncome": "None",
            "otherNonOperatingIncome": "0",
            "depreciation": "None",
            "depreciationAndAmortization": "506300000",
            "incomeBeforeTax": "-52100000",
            "incomeTaxExpense": "0",
            "interestAndDebtExpense": "None",
            "netIncomeFromContinuingOperations": "None",
            "comprehensiveIncomeNetOfTax": "0",
            "ebit": "95500000",
            "ebitda": "601800000",
            "netIncome": "0"
        }
    ]
}