{
    "symbol": "WBA",
    "annualReports": [
        {
            "fiscalDateEnding": "2022-08-31",
            "reportedCurrency": "USD",
            "grossProfit": "28265000000",
            "totalRevenue": "132961000000",
            "costOfRevenue": "134560000000",
            "costofGoodsAndServicesSold": "104437000000",
            "operatingIncome": "1387000000",
            "sellingGeneralAndAdministrative": "27295000000",
            "researchAndDevelopment": "None",
            "operatingExpenses": "30272000000",
            "investmentIncomeNet": "None",
            "netInterestIncome": "-400000000",
            "interestIncome": "None",
            "interestExpense": "400000000",
            "nonInterestIncome": "133256000000",
            "otherNonOperatingIncome": "2998000000",
            "depreciation": "None",
            "depreciationAndAmortization": "1538000000",
            "incomeBeforeTax": "4307000000",
            "incomeTaxExpense": "-30000000",
            "interestAndDebtExpense": "406000000",
            "netIncomeFromContinuingOperations": "4337000000",
            "comprehensiveIncomeNetOfTax": "3640000000",
            "ebit": "4707000000",
            "ebitda": "6245000000",
            "netIncome": "4337000000"
        },
        {
            "fiscalDateEnding": "2021-08-31",
            "reportedCurrency": "USD",
            "grossProfit": "28067000000",
            "totalRevenue": "131917000000",
            "costOfRevenue": "130222000000",
            "costofGoodsAndServicesSold": "104442000000",
            "operatingIncome": "2342000000",
            "sellingGeneralAndAdministrative": "24586000000",
            "researchAndDevelopment": "None",
            "operatingExpenses": "25166000000",
            "investmentIncomeNet": "None",
            "netInterestIncome": "-905000000",
            "interestIncome": "None",
            "interestExpense": "905000000",
            "nonInterestIncome": "132738000000",
            "otherNonOperatingIncome": "558000000",
            "depreciation": "None",
            "depreciationAndAmortization": "1091000000",
            "incomeBeforeTax": "3209000000",
            "incomeTaxExpense": "667000000",
            "interestAndDebtExpense": "1319000000",
            "netIncomeFromContinuingOperations": "1994000000",
            "comprehensiveIncomeNetOfTax": "4205000000",
            "ebit": "4114000000",
            "ebitda": "5205000000",
            "netIncome": "2542000000"
        },
        {
            "fiscalDateEnding": "2020-08-31",
            "reportedCurrency": "USD",
            "grossProfit": "26078000000",
            "totalRevenue": "138974000000",
            "costOfRevenue": "141859000000",
            "costofGoodsAndServicesSold": "95905000000",
            "operatingIncome": "982000000",
            "sellingGeneralAndAdministrative": "25436000000",
            "researchAndDevelopment": "None",
            "operatingExpenses": "30031000000",
            "investmentIncomeNet": "None",
            "netInterestIncome": "-639000000",
            "interestIncome": "-26000000",
            "interestExpense": "613000000",
            "nonInterestIncome": "139537000000",
            "otherNonOperatingIncome": "77000000",
            "depreciation": "None",
            "depreciationAndAmortization": "962000000",
            "incomeBeforeTax": "795000000",
            "incomeTaxExpense": "339000000",
            "interestAndDebtExpense": "639000000",
            "netIncomeFromContinuingOperations": "180000000",
            "comprehensiveIncomeNetOfTax": "582000000",
            "ebit": "1408000000",
            "ebitda": "2370000000",
            "netIncome": "456000000"
        },
        {
            "fiscalDateEnding": "2019-08-31",
            "reportedCurrency": "USD",
            "grossProfit": "28159000000",
            "totalRevenue": "136162000000",
            "costOfRevenue": "132887000000",
            "costofGoodsAndServicesSold": "91915000000",
            "operatingIncome": "4766000000",
            "sellingGeneralAndAdministrative": "23557000000",
            "researchAndDevelopment": "None",
            "operatingExpenses": "26128000000",
            "investmentIncomeNet": "None",
            "netInterestIncome": "-704000000",
            "interestIncome": "-54000000",
            "interestExpense": "650000000",
            "nonInterestIncome": "136866000000",
            "otherNonOperatingIncome": "243000000",
            "depreciation": "1500000000",
            "depreciationAndAmortization": "552000000",
            "incomeBeforeTax": "4559000000",
            "incomeTaxExpense": "577000000",
            "interestAndDebtExpense": "704000000",
            "netIncomeFromContinuingOperations": "3816000000",
            "comprehensiveIncomeNetOfTax": "3086000000",
            "ebit": "5209000000",
            "ebitda": "5761000000",
            "netIncome": "3982000000"
        },
        {
            "fiscalDateEnding": "2018-08-31",
            "reportedCurrency": "USD",
            "grossProfit": "30792000000",
            "totalRevenue": "131537000000",
            "costOfRevenue": "100745000000",
            "costofGoodsAndServicesSold": "100745000000",
            "operatingIncome": "6289000000",
            "sellingGeneralAndAdministrative": "24694000000",
            "researchAndDevelopment": "None",
            "operatingExpenses": "26025000000",
            "investmentIncomeNet": "None",
            "netInterestIncome": "-616000000",
            "interestIncome": "595000000",
            "interestExpense": "616000000",
            "nonInterestIncome": "131537000000",
            "otherNonOperatingIncome": "302000000",
            "depreciation": "1400000000",
            "depreciationAndAmortization": "941000000",
            "incomeBeforeTax": "6022000000",
            "incomeTaxExpense": "998000000",
            "interestAndDebtExpense": "616000000",
            "netIncomeFromContinuingOperations": "4977000000",
            "comprehensiveIncomeNetOfTax": "5073000000",
            "ebit": "6638000000",
            "ebitda": "7579000000",
            "netIncome": "5024000000"
        }
    ],
    "quarterlyReports": [
        {
            "fiscalDateEnding": "2023-02-28",
            "reportedCurrency": "USD",
            "grossProfit": "7055000000",
            "totalRevenue": "34749000000",
            "costOfRevenue": "35350000000",
            "costofGoodsAndServicesSold": "27807000000",
            "operatingIncome": "197000000",
            "sellingGeneralAndAdministrative": "6934000000",
            "researchAndDevelopment": "None",
            "operatingExpenses": "7627000000",
            "investmentIncomeNet": "None",
            "netInterestIncome": "-141000000",
            "interestIncome": "None",
            "interestExpense": "141000000",
            "nonInterestIncome": "34862000000",
            "otherNonOperatingIncome": "552000000",
            "depreciation": "361000000",
            "depreciationAndAmortization": "457000000",
            "incomeBeforeTax": "773000000",
            "incomeTaxExpense": "70000000",
            "interestAndDebtExpense": "141000000",
            "netIncomeFromContinuingOperations": "696000000",
            "comprehensiveIncomeNetOfTax": "864000000",
            "ebit": "914000000",
            "ebitda": "1371000000",
            "netIncome": "703000000"
        },
        {
            "fiscalDateEnding": "2022-11-30",
            "reportedCurrency": "USD",
            "grossProfit": "6953000000",
            "totalRevenue": "34270000000",
            "costOfRevenue": "40193000000",
            "costofGoodsAndServicesSold": "26429000000",
            "operatingIncome": "-6151000000",
            "sellingGeneralAndAdministrative": "13158000000",
            "researchAndDevelopment": "None",
            "operatingExpenses": "20129000000",
            "investmentIncomeNet": "None",
            "netInterestIncome": "-110000000",
            "interestIncome": "None",
            "interestExpense": "110000000",
            "nonInterestIncome": "34351000000",
            "otherNonOperatingIncome": "992000000",
            "depreciation": "336000000",
            "depreciationAndAmortization": "500000000",
            "incomeBeforeTax": "-5168000000",
            "incomeTaxExpense": "-1447000000",
            "interestAndDebtExpense": "110000000",
            "netIncomeFromContinuingOperations": "-3729000000",
            "comprehensiveIncomeNetOfTax": "-3732000000",
            "ebit": "-5058000000",
            "ebitda": "-4558000000",
            "netIncome": "-3721000000"
        },
        {
            "fiscalDateEnding": "2022-08-31",
            "reportedCurrency": "USD",
            "grossProfit": "6410000000",
            "totalRevenue": "32449000000",
            "costOfRevenue": "34579000000",
            "costofGoodsAndServicesSold": "26038000000",
            "operatingIncome": "-822000000",
            "sellingGeneralAndAdministrative": "7320000000",
            "researchAndDevelopment": "None",
            "operatingExpenses": "8366000000",
            "investmentIncomeNet": "None",
            "netInterestIncome": "-105000000",
            "interestIncome": "None",
            "interestExpense": "105000000",
            "nonInterestIncome": "32449000000",
            "otherNonOperatingIncome": "169000000",
            "depreciation": "None",
            "depreciationAndAmortization": "401000000",
            "incomeBeforeTax": "-650000000",
            "incomeTaxExpense": "-235000000",
            "interestAndDebtExpense": "107000000",
            "netIncomeFromContinuingOperations": "-415000000",
            "comprehensiveIncomeNetOfTax": "-495000000",
            "ebit": "-545000000",
            "ebitda": "-144000000",
            "netIncome": "-415000000"
        },
        {
            "fiscalDateEnding": "2022-05-31",
            "reportedCurrency": "USD",
            "grossProfit": "6572000000",
            "totalRevenue": "32513000000",
            "costOfRevenue": "33455000000",
            "costofGoodsAndServicesSold": "26025000000",
            "operatingIncome": "-320000000",
            "sellingGeneralAndAdministrative": "7019000000",
            "researchAndDevelopment": "None",
            "operatingExpenses": "7989000000",
            "investmentIncomeNet": "None",
            "netInterestIncome": "-108000000",
            "interestIncome": "None",
            "interestExpense": "108000000",
            "nonInterestIncome": "32597000000",
            "otherNonOperatingIncome": "410000000",
            "depreciation": "331000000",
            "depreciationAndAmortization": "360000000",
            "incomeBeforeTax": "47000000",
            "incomeTaxExpense": "-242000000",
            "interestAndDebtExpense": "108000000",
            "netIncomeFromContinuingOperations": "289000000",
            "comprehensiveIncomeNetOfTax": "-108000000",
            "ebit": "155000000",
            "ebitda": "515000000",
            "netIncome": "289000000"
        },
        {
            "fiscalDateEnding": "2022-02-28",
            "reportedCurrency": "USD",
            "grossProfit": "7708000000",
            "totalRevenue": "33682000000",
            "costOfRevenue": "33095000000",
            "costofGoodsAndServicesSold": "26047000000",
            "operatingIncome": "1246000000",
            "sellingGeneralAndAdministrative": "6565000000",
            "researchAndDevelopment": "None",
            "operatingExpenses": "6900000000",
            "investmentIncomeNet": "None",
            "netInterestIncome": "-100000000",
            "interestIncome": "None",
            "interestExpense": "100000000",
            "nonInterestIncome": "33756000000",
            "otherNonOperatingIncome": "-198000000",
            "depreciation": "348000000",
            "depreciationAndAmortization": "436000000",
            "incomeBeforeTax": "1055000000",
            "incomeTaxExpense": "172000000",
            "interestAndDebtExpense": "100000000",
            "netIncomeFromContinuingOperations": "883000000",
            "comprehensiveIncomeNetOfTax": "857000000",
            "ebit": "1155000000",
            "ebitda": "1591000000",
            "netIncome": "883000000"
        },
        {
            "fiscalDateEnding": "2021-11-30",
            "reportedCurrency": "USD",
            "grossProfit": "7574000000",
            "totalRevenue": "33840000000",
            "costOfRevenue": "33197000000",
            "costofGoodsAndServicesSold": "26326000000",
            "operatingIncome": "1283000000",
            "sellingGeneralAndAdministrative": "6391000000",
            "researchAndDevelopment": "None",
            "operatingExpenses": "6784000000",
            "investmentIncomeNet": "None",
            "netInterestIncome": "-86000000",
            "interestIncome": "None",
            "interestExpense": "86000000",
            "nonInterestIncome": "33901000000",
            "otherNonOperatingIncome": "2617000000",
            "depreciation": "335000000",
            "depreciationAndAmortization": "341000000",
            "incomeBeforeTax": "3855000000",
            "incomeTaxExpense": "275000000",
            "interestAndDebtExpense": "86000000",
            "netIncomeFromContinuingOperations": "3580000000",
            "comprehensiveIncomeNetOfTax": "3387000000",
            "ebit": "3941000000",
            "ebitda": "4282000000",
            "netIncome": "3580000000"
        },
        {
            "fiscalDateEnding": "2021-08-31",
            "reportedCurrency": "USD",
            "grossProfit": "7503000000",
            "totalRevenue": "34262000000",
            "costOfRevenue": "33814000000",
            "costofGoodsAndServicesSold": "26758000000",
            "operatingIncome": "910000000",
            "sellingGeneralAndAdministrative": "6650000000",
            "researchAndDevelopment": "None",
            "operatingExpenses": "6655000000",
            "investmentIncomeNet": "None",
            "netInterestIncome": "-88000000",
            "interestIncome": "None",
            "interestExpense": "88000000",
            "nonInterestIncome": "34262000000",
            "otherNonOperatingIncome": "85000000",
            "depreciation": "None",
            "depreciationAndAmortization": "328000000",
            "incomeBeforeTax": "1213000000",
            "incomeTaxExpense": "586000000",
            "interestAndDebtExpense": "83000000",
            "netIncomeFromContinuingOperations": "358000000",
            "comprehensiveIncomeNetOfTax": "1699000000",
            "ebit": "1301000000",
            "ebitda": "1629000000",
            "netIncome": "627000000"
        },
        {
            "fiscalDateEnding": "2021-05-31",
            "reportedCurrency": "USD",
            "grossProfit": "7153000000",
            "totalRevenue": "33506000000",
            "costOfRevenue": "33327000000",
            "costofGoodsAndServicesSold": "26877000000",
            "operatingIncome": "1134000000",
            "sellingGeneralAndAdministrative": "6116000000",
            "researchAndDevelopment": "None",
            "operatingExpenses": "6365000000",
            "investmentIncomeNet": "None",
            "netInterestIncome": "-545000000",
            "interestIncome": "None",
            "interestExpense": "545000000",
            "nonInterestIncome": "34030000000",
            "otherNonOperatingIncome": "159000000",
            "depreciation": "352000000",
            "depreciationAndAmortization": "325000000",
            "incomeBeforeTax": "1443000000",
            "incomeTaxExpense": "246000000",
            "interestAndDebtExpense": "545000000",
            "netIncomeFromContinuingOperations": "1105000000",
            "comprehensiveIncomeNetOfTax": "1323000000",
            "ebit": "1988000000",
            "ebitda": "2313000000",
            "netIncome": "1197000000"
        },
        {
            "fiscalDateEnding": "2021-02-28",
            "reportedCurrency": "USD",
            "grossProfit": "6781000000",
            "totalRevenue": "32663000000",
            "costOfRevenue": "32306000000",
            "costofGoodsAndServicesSold": "25998000000",
            "operatingIncome": "832000000",
            "sellingGeneralAndAdministrative": "6029000000",
            "researchAndDevelopment": "None",
            "operatingExpenses": "6273000000",
            "investmentIncomeNet": "None",
            "netInterestIncome": "-137000000",
            "interestIncome": "137000000",
            "interestExpense": "137000000",
            "nonInterestIncome": "32779000000",
            "otherNonOperatingIncome": "251000000",
            "depreciation": "346000000",
            "depreciationAndAmortization": "239000000",
            "incomeBeforeTax": "1068000000",
            "incomeTaxExpense": "42000000",
            "interestAndDebtExpense": "137000000",
            "netIncomeFromContinuingOperations": "922000000",
            "comprehensiveIncomeNetOfTax": "1402000000",
            "ebit": "1205000000",
            "ebitda": "1444000000",
            "netIncome": "1026000000"
        },
        {
            "fiscalDateEnding": "2020-11-30",
            "reportedCurrency": "USD",
            "grossProfit": "6630000000",
            "totalRevenue": "36187000000",
            "costOfRevenue": "37119000000",
            "costofGoodsAndServicesSold": "24808000000",
            "operatingIncome": "-535000000",
            "sellingGeneralAndAdministrative": "5792000000",
            "researchAndDevelopment": "None",
            "operatingExpenses": "7858000000",
            "investmentIncomeNet": "None",
            "netInterestIncome": "-140000000",
            "interestIncome": "-4000000",
            "interestExpense": "136000000",
            "nonInterestIncome": "36307000000",
            "otherNonOperatingIncome": "63000000",
            "depreciation": "342000000",
            "depreciationAndAmortization": "230000000",
            "incomeBeforeTax": "-515000000",
            "incomeTaxExpense": "-207000000",
            "interestAndDebtExpense": "140000000",
            "netIncomeFromContinuingOperations": "-391000000",
            "comprehensiveIncomeNetOfTax": "-220000000",
            "ebit": "-379000000",
            "ebitda": "-149000000",
            "netIncome": "-308000000"
        },
        {
            "fiscalDateEnding": "2020-08-31",
            "reportedCurrency": "USD",
            "grossProfit": "6324000000",
            "totalRevenue": "34746000000",
            "costOfRevenue": "47000000",
            "costofGoodsAndServicesSold": "24047000000",
            "operatingIncome": "608000000",
            "sellingGeneralAndAdministrative": "5773000000",
            "researchAndDevelopment": "None",
            "operatingExpenses": "47000000",
            "investmentIncomeNet": "None",
            "netInterestIncome": "-157000000",
            "interestIncome": "-7000000",
            "interestExpense": "150000000",
            "nonInterestIncome": "34746000000",
            "otherNonOperatingIncome": "45000000",
            "depreciation": "None",
            "depreciationAndAmortization": "237000000",
            "incomeBeforeTax": "583000000",
            "incomeTaxExpense": "210000000",
            "interestAndDebtExpense": "157000000",
            "netIncomeFromContinuingOperations": "337000000",
            "comprehensiveIncomeNetOfTax": "472000000",
            "ebit": "733000000",
            "ebitda": "970000000",
            "netIncome": "373000000"
        },
        {
            "fiscalDateEnding": "2020-05-31",
            "reportedCurrency": "USD",
            "grossProfit": "5959000000",
            "totalRevenue": "34501000000",
            "costOfRevenue": "38761000000",
            "costofGoodsAndServicesSold": "24406000000",
            "operatingIncome": "-1683000000",
            "sellingGeneralAndAdministrative": "7884000000",
            "researchAndDevelopment": "None",
            "operatingExpenses": "10484000000",
            "investmentIncomeNet": "None",
            "netInterestIncome": "-155000000",
            "interestIncome": "-7000000",
            "interestExpense": "148000000",
            "nonInterestIncome": "34631000000",
            "otherNonOperatingIncome": "-32000000",
            "depreciation": "349000000",
            "depreciationAndAmortization": "234000000",
            "incomeBeforeTax": "-1751000000",
            "incomeTaxExpense": "-43000000",
            "interestAndDebtExpense": "155000000",
            "netIncomeFromContinuingOperations": "-1794000000",
            "comprehensiveIncomeNetOfTax": "-2171000000",
            "ebit": "-1603000000",
            "ebitda": "-1369000000",
            "netIncome": "-1708000000"
        },
        {
            "fiscalDateEnding": "2020-02-29",
            "reportedCurrency": "USD",
            "grossProfit": "7017000000",
            "totalRevenue": "35674000000",
            "costOfRevenue": "34958000000",
            "costofGoodsAndServicesSold": "24318000000",
            "operatingIncome": "1136000000",
            "sellingGeneralAndAdministrative": "5909000000",
            "researchAndDevelopment": "None",
            "operatingExpenses": "6588000000",
            "investmentIncomeNet": "None",
            "netInterestIncome": "-162000000",
            "interestIncome": "-6000000",
            "interestExpense": "156000000",
            "nonInterestIncome": "35820000000",
            "otherNonOperatingIncome": "28000000",
            "depreciation": "359000000",
            "depreciationAndAmortization": "244000000",
            "incomeBeforeTax": "1095000000",
            "incomeTaxExpense": "149000000",
            "interestAndDebtExpense": "162000000",
            "netIncomeFromContinuingOperations": "867000000",
            "comprehensiveIncomeNetOfTax": "852000000",
            "ebit": "1251000000",
            "ebitda": "1495000000",
            "netIncome": "946000000"
        },
        {
            "fiscalDateEnding": "2019-11-30",
            "reportedCurrency": "USD",
            "grossProfit": "6777000000",
            "totalRevenue": "34188000000",
            "costOfRevenue": "33708000000",
            "costofGoodsAndServicesSold": "27077000000",
            "operatingIncome": "1013000000",
            "sellingGeneralAndAdministrative": "6262000000",
            "researchAndDevelopment": "None",
            "operatingExpenses": "6554000000",
            "investmentIncomeNet": "None",
            "netInterestIncome": "-166000000",
            "interestIncome": "176000000",
            "interestExpense": "166000000",
            "nonInterestIncome": "34339000000",
            "otherNonOperatingIncome": "35000000",
            "depreciation": "359000000",
            "depreciationAndAmortization": "245000000",
            "incomeBeforeTax": "877000000",
            "incomeTaxExpense": "32000000",
            "interestAndDebtExpense": "166000000",
            "netIncomeFromContinuingOperations": "769000000",
            "comprehensiveIncomeNetOfTax": "1430000000",
            "ebit": "1043000000",
            "ebitda": "1288000000",
            "netIncome": "845000000"
        },
        {
            "fiscalDateEnding": "2019-08-31",
            "reportedCurrency": "USD",
            "grossProfit": "7228000000",
            "totalRevenue": "33954000000",
            "costOfRevenue": "32974000000",
            "costofGoodsAndServicesSold": "11852000000",
            "operatingIncome": "646000000",
            "sellingGeneralAndAdministrative": "4723000000",
            "researchAndDevelopment": "None",
            "operatingExpenses": "6247000000",
            "investmentIncomeNet": "None",
            "netInterestIncome": "-175000000",
            "interestIncome": "-54000000",
            "interestExpense": "121000000",
            "nonInterestIncome": "33954000000",
            "otherNonOperatingIncome": "16000000",
            "depreciation": "404000000",
            "depreciationAndAmortization": "-236000000",
            "incomeBeforeTax": "692000000",
            "incomeTaxExpense": "15000000",
            "interestAndDebtExpense": "175000000",
            "netIncomeFromContinuingOperations": "559000000",
            "comprehensiveIncomeNetOfTax": "174000000",
            "ebit": "813000000",
            "ebitda": "577000000",
            "netIncome": "677000000"
        },
        {
            "fiscalDateEnding": "2019-05-31",
            "reportedCurrency": "USD",
            "grossProfit": "7453000000",
            "totalRevenue": "34404000000",
            "costOfRevenue": "33722000000",
            "costofGoodsAndServicesSold": "27138000000",
            "operatingIncome": "1203000000",
            "sellingGeneralAndAdministrative": "6235000000",
            "researchAndDevelopment": "None",
            "operatingExpenses": "6591000000",
            "investmentIncomeNet": "None",
            "netInterestIncome": "-187000000",
            "interestIncome": "22000000",
            "interestExpense": "187000000",
            "nonInterestIncome": "34591000000",
            "otherNonOperatingIncome": "182000000",
            "depreciation": "379000000",
            "depreciationAndAmortization": "269000000",
            "incomeBeforeTax": "1181000000",
            "incomeTaxExpense": "156000000",
            "interestAndDebtExpense": "187000000",
            "netIncomeFromContinuingOperations": "1042000000",
            "comprehensiveIncomeNetOfTax": "336000000",
            "ebit": "1368000000",
            "ebitda": "1637000000",
            "netIncome": "1025000000"
        },
        {
            "fiscalDateEnding": "2019-02-28",
            "reportedCurrency": "USD",
            "grossProfit": "7754000000",
            "totalRevenue": "34347000000",
            "costOfRevenue": "33437000000",
            "costofGoodsAndServicesSold": "26773000000",
            "operatingIncome": "1517000000",
            "sellingGeneralAndAdministrative": "6320000000",
            "researchAndDevelopment": "None",
            "operatingExpenses": "6678000000",
            "investmentIncomeNet": "None",
            "netInterestIncome": "-181000000",
            "interestIncome": "None",
            "interestExpense": "181000000",
            "nonInterestIncome": "34528000000",
            "otherNonOperatingIncome": "19000000",
            "depreciation": "360000000",
            "depreciationAndAmortization": "262000000",
            "incomeBeforeTax": "1382000000",
            "incomeTaxExpense": "226000000",
            "interestAndDebtExpense": "181000000",
            "netIncomeFromContinuingOperations": "1130000000",
            "comprehensiveIncomeNetOfTax": "1682000000",
            "ebit": "1563000000",
            "ebitda": "1825000000",
            "netIncome": "1156000000"
        },
        {
            "fiscalDateEnding": "2018-11-30",
            "reportedCurrency": "USD",
            "grossProfit": "7641000000",
            "totalRevenue": "33632000000",
            "costOfRevenue": "32755000000",
            "costofGoodsAndServicesSold": "26152000000",
            "operatingIncome": "1400000000",
            "sellingGeneralAndAdministrative": "6280000000",
            "researchAndDevelopment": "None",
            "operatingExpenses": "6613000000",
            "investmentIncomeNet": "None",
            "netInterestIncome": "-161000000",
            "interestIncome": "None",
            "interestExpense": "161000000",
            "nonInterestIncome": "33793000000",
            "otherNonOperatingIncome": "26000000",
            "depreciation": "356000000",
            "depreciationAndAmortization": "257000000",
            "incomeBeforeTax": "1303000000",
            "incomeTaxExpense": "180000000",
            "interestAndDebtExpense": "161000000",
            "netIncomeFromContinuingOperations": "1085000000",
            "comprehensiveIncomeNetOfTax": "894000000",
            "ebit": "1464000000",
            "ebitda": "1721000000",
            "netIncome": "1123000000"
        },
        {
            "fiscalDateEnding": "2018-08-31",
            "reportedCurrency": "USD",
            "grossProfit": "7575000000",
            "totalRevenue": "33442000000",
            "costOfRevenue": "25867000000",
            "costofGoodsAndServicesSold": "25867000000",
            "operatingIncome": "1396000000",
            "sellingGeneralAndAdministrative": "6228000000",
            "researchAndDevelopment": "None",
            "operatingExpenses": "6584000000",
            "investmentIncomeNet": "None",
            "netInterestIncome": "-159000000",
            "interestIncome": "None",
            "interestExpense": "159000000",
            "nonInterestIncome": "33442000000",
            "otherNonOperatingIncome": "424000000",
            "depreciation": "360000000",
            "depreciationAndAmortization": "249000000",
            "incomeBeforeTax": "1671000000",
            "incomeTaxExpense": "159000000",
            "interestAndDebtExpense": "159000000",
            "netIncomeFromContinuingOperations": "7575000000",
            "comprehensiveIncomeNetOfTax": "1302000000",
            "ebit": "1830000000",
            "ebitda": "2079000000",
            "netIncome": "1512000000"
        },
        {
            "fiscalDateEnding": "2018-05-31",
            "reportedCurrency": "USD",
            "grossProfit": "7780000000",
            "totalRevenue": "34334000000",
            "costOfRevenue": "26554000000",
            "costofGoodsAndServicesSold": "26554000000",
            "operatingIncome": "1597000000",
            "sellingGeneralAndAdministrative": "6235000000",
            "researchAndDevelopment": "None",
            "operatingExpenses": "6570000000",
            "investmentIncomeNet": "None",
            "netInterestIncome": "-157000000",
            "interestIncome": "None",
            "interestExpense": "157000000",
            "nonInterestIncome": "34334000000",
            "otherNonOperatingIncome": "0",
            "depreciation": "358000000",
            "depreciationAndAmortization": "277000000",
            "incomeBeforeTax": "1451000000",
            "incomeTaxExpense": "109000000",
            "interestAndDebtExpense": "157000000",
            "netIncomeFromContinuingOperations": "1331000000",
            "comprehensiveIncomeNetOfTax": "713000000",
            "ebit": "1608000000",
            "ebitda": "1885000000",
            "netIncome": "1342000000"
        }
    ]
}