{
    "symbol": "WMB",
    "annualReports": [
        {
            "fiscalDateEnding": "2022-12-31",
            "reportedCurrency": "USD",
            "grossProfit": "10083000000",
            "totalRevenue": "10965000000",
            "costOfRevenue": "882000000",
            "costofGoodsAndServicesSold": "161000000",
            "operatingIncome": "3018000000",
            "sellingGeneralAndAdministrative": "636000000",
            "researchAndDevelopment": "None",
            "operatingExpenses": "2453000000",
            "investmentIncomeNet": "None",
            "netInterestIncome": "-1147000000",
            "interestIncome": "494000000",
            "interestExpense": "1147000000",
            "nonInterestIncome": "17773000000",
            "otherNonOperatingIncome": "18000000",
            "depreciation": "1498000000",
            "depreciationAndAmortization": "2009000000",
            "incomeBeforeTax": "2474000000",
            "incomeTaxExpense": "425000000",
            "interestAndDebtExpense": "1147000000",
            "netIncomeFromContinuingOperations": "2117000000",
            "comprehensiveIncomeNetOfTax": "2058000000",
            "ebit": "3621000000",
            "ebitda": "5630000000",
            "netIncome": "2049000000"
        },
        {
            "fiscalDateEnding": "2021-12-31",
            "reportedCurrency": "USD",
            "grossProfit": "9996000000",
            "totalRevenue": "10627000000",
            "costOfRevenue": "631000000",
            "costofGoodsAndServicesSold": "15000000",
            "operatingIncome": "2631000000",
            "sellingGeneralAndAdministrative": "558000000",
            "researchAndDevelopment": "None",
            "operatingExpenses": "2106000000",
            "investmentIncomeNet": "None",
            "netInterestIncome": "-1179000000",
            "interestIncome": "564000000",
            "interestExpense": "1179000000",
            "nonInterestIncome": "12784000000",
            "otherNonOperatingIncome": "6000000",
            "depreciation": "1496000000",
            "depreciationAndAmortization": "1842000000",
            "incomeBeforeTax": "2028000000",
            "incomeTaxExpense": "511000000",
            "interestAndDebtExpense": "1179000000",
            "netIncomeFromContinuingOperations": "1514000000",
            "comprehensiveIncomeNetOfTax": "1580000000",
            "ebit": "3207000000",
            "ebitda": "5049000000",
            "netIncome": "1517000000"
        },
        {
            "fiscalDateEnding": "2020-12-31",
            "reportedCurrency": "USD",
            "grossProfit": "5627000000",
            "totalRevenue": "7719000000",
            "costOfRevenue": "2092000000",
            "costofGoodsAndServicesSold": "17000000",
            "operatingIncome": "2202000000",
            "sellingGeneralAndAdministrative": "466000000",
            "researchAndDevelopment": "None",
            "operatingExpenses": "1792000000",
            "investmentIncomeNet": "None",
            "netInterestIncome": "-1172000000",
            "interestIncome": "836000000",
            "interestExpense": "1172000000",
            "nonInterestIncome": "7653000000",
            "otherNonOperatingIncome": "-43000000",
            "depreciation": "1393000000",
            "depreciationAndAmortization": "328000000",
            "incomeBeforeTax": "290000000",
            "incomeTaxExpense": "79000000",
            "interestAndDebtExpense": "1172000000",
            "netIncomeFromContinuingOperations": "208000000",
            "comprehensiveIncomeNetOfTax": "314000000",
            "ebit": "1462000000",
            "ebitda": "1790000000",
            "netIncome": "211000000"
        },
        {
            "fiscalDateEnding": "2019-12-31",
            "reportedCurrency": "USD",
            "grossProfit": "6796000000",
            "totalRevenue": "8201000000",
            "costOfRevenue": "1405000000",
            "costofGoodsAndServicesSold": "5248000000",
            "operatingIncome": "1921000000",
            "sellingGeneralAndAdministrative": "558000000",
            "researchAndDevelopment": "None",
            "operatingExpenses": "2028000000",
            "investmentIncomeNet": "None",
            "netInterestIncome": "-1186000000",
            "interestIncome": "704000000",
            "interestExpense": "1186000000",
            "nonInterestIncome": "8262000000",
            "otherNonOperatingIncome": "33000000",
            "depreciation": "1390000000",
            "depreciationAndAmortization": "324000000",
            "incomeBeforeTax": "1185000000",
            "incomeTaxExpense": "335000000",
            "interestAndDebtExpense": "1186000000",
            "netIncomeFromContinuingOperations": "862000000",
            "comprehensiveIncomeNetOfTax": "921000000",
            "ebit": "2371000000",
            "ebitda": "2695000000",
            "netIncome": "850000000"
        },
        {
            "fiscalDateEnding": "2018-12-31",
            "reportedCurrency": "USD",
            "grossProfit": "7681000000",
            "totalRevenue": "8686000000",
            "costOfRevenue": "1005000000",
            "costofGoodsAndServicesSold": "6076000000",
            "operatingIncome": "768000000",
            "sellingGeneralAndAdministrative": "569000000",
            "researchAndDevelopment": "None",
            "operatingExpenses": "1384000000",
            "investmentIncomeNet": "None",
            "netInterestIncome": "-1112000000",
            "interestIncome": "497000000",
            "interestExpense": "1112000000",
            "nonInterestIncome": "8604000000",
            "otherNonOperatingIncome": "92000000",
            "depreciation": "1392000000",
            "depreciationAndAmortization": "333000000",
            "incomeBeforeTax": "-17000000",
            "incomeTaxExpense": "138000000",
            "interestAndDebtExpense": "1112000000",
            "netIncomeFromContinuingOperations": "-156000000",
            "comprehensiveIncomeNetOfTax": "-123000000",
            "ebit": "1095000000",
            "ebitda": "1428000000",
            "netIncome": "-155000000"
        }
    ],
    "quarterlyReports": [
        {
            "fiscalDateEnding": "2022-12-31",
            "reportedCurrency": "USD",
            "grossProfit": "2601000000",
            "totalRevenue": "2930000000",
            "costOfRevenue": "329000000",
            "costofGoodsAndServicesSold": "85000000",
            "operatingIncome": "1072000000",
            "sellingGeneralAndAdministrative": "159000000",
            "researchAndDevelopment": "None",
            "operatingExpenses": "631000000",
            "investmentIncomeNet": "None",
            "netInterestIncome": "-289000000",
            "interestIncome": "132000000",
            "interestExpense": "289000000",
            "nonInterestIncome": "4125000000",
            "otherNonOperatingIncome": "13000000",
            "depreciation": "None",
            "depreciationAndAmortization": "505000000",
            "incomeBeforeTax": "925000000",
            "incomeTaxExpense": "256000000",
            "interestAndDebtExpense": "289000000",
            "netIncomeFromContinuingOperations": "697000000",
            "comprehensiveIncomeNetOfTax": "672000000",
            "ebit": "1214000000",
            "ebitda": "1719000000",
            "netIncome": "669000000"
        },
        {
            "fiscalDateEnding": "2022-09-30",
            "reportedCurrency": "USD",
            "grossProfit": "2794000000",
            "totalRevenue": "3021000000",
            "costOfRevenue": "227000000",
            "costofGoodsAndServicesSold": "64000000",
            "operatingIncome": "820000000",
            "sellingGeneralAndAdministrative": "163000000",
            "researchAndDevelopment": "None",
            "operatingExpenses": "649000000",
            "investmentIncomeNet": "None",
            "netInterestIncome": "-291000000",
            "interestIncome": "97000000",
            "interestExpense": "291000000",
            "nonInterestIncome": "4967000000",
            "otherNonOperatingIncome": "-6000000",
            "depreciation": "None",
            "depreciationAndAmortization": "500000000",
            "incomeBeforeTax": "696000000",
            "incomeTaxExpense": "96000000",
            "interestAndDebtExpense": "291000000",
            "netIncomeFromContinuingOperations": "621000000",
            "comprehensiveIncomeNetOfTax": "596000000",
            "ebit": "987000000",
            "ebitda": "1487000000",
            "netIncome": "600000000"
        },
        {
            "fiscalDateEnding": "2022-06-30",
            "reportedCurrency": "USD",
            "grossProfit": "2330000000",
            "totalRevenue": "2490000000",
            "costOfRevenue": "160000000",
            "costofGoodsAndServicesSold": "1868000000",
            "operatingIncome": "472000000",
            "sellingGeneralAndAdministrative": "160000000",
            "researchAndDevelopment": "None",
            "operatingExpenses": "625000000",
            "investmentIncomeNet": "None",
            "netInterestIncome": "-281000000",
            "interestIncome": "116000000",
            "interestExpense": "281000000",
            "nonInterestIncome": "4579000000",
            "otherNonOperatingIncome": "6000000",
            "depreciation": "None",
            "depreciationAndAmortization": "506000000",
            "incomeBeforeTax": "355000000",
            "incomeTaxExpense": "-45000000",
            "interestAndDebtExpense": "281000000",
            "netIncomeFromContinuingOperations": "407000000",
            "comprehensiveIncomeNetOfTax": "405000000",
            "ebit": "636000000",
            "ebitda": "1142000000",
            "netIncome": "400000000"
        },
        {
            "fiscalDateEnding": "2022-03-31",
            "reportedCurrency": "USD",
            "grossProfit": "2370000000",
            "totalRevenue": "2524000000",
            "costOfRevenue": "154000000",
            "costofGoodsAndServicesSold": "1725000000",
            "operatingIncome": "654000000",
            "sellingGeneralAndAdministrative": "154000000",
            "researchAndDevelopment": "None",
            "operatingExpenses": "548000000",
            "investmentIncomeNet": "None",
            "netInterestIncome": "-286000000",
            "interestIncome": "149000000",
            "interestExpense": "286000000",
            "nonInterestIncome": "4102000000",
            "otherNonOperatingIncome": "5000000",
            "depreciation": "None",
            "depreciationAndAmortization": "498000000",
            "incomeBeforeTax": "498000000",
            "incomeTaxExpense": "118000000",
            "interestAndDebtExpense": "286000000",
            "netIncomeFromContinuingOperations": "392000000",
            "comprehensiveIncomeNetOfTax": "385000000",
            "ebit": "784000000",
            "ebitda": "1282000000",
            "netIncome": "380000000"
        },
        {
            "fiscalDateEnding": "2021-12-31",
            "reportedCurrency": "USD",
            "grossProfit": "3015000000",
            "totalRevenue": "3257000000",
            "costOfRevenue": "242000000",
            "costofGoodsAndServicesSold": "2147000000",
            "operatingIncome": "937000000",
            "sellingGeneralAndAdministrative": "169000000",
            "researchAndDevelopment": "None",
            "operatingExpenses": "569000000",
            "investmentIncomeNet": "None",
            "netInterestIncome": "-295000000",
            "interestIncome": "109000000",
            "interestExpense": "295000000",
            "nonInterestIncome": "4137000000",
            "otherNonOperatingIncome": "2000000",
            "depreciation": "None",
            "depreciationAndAmortization": "454000000",
            "incomeBeforeTax": "820000000",
            "incomeTaxExpense": "198000000",
            "interestAndDebtExpense": "295000000",
            "netIncomeFromContinuingOperations": "584000000",
            "comprehensiveIncomeNetOfTax": "698000000",
            "ebit": "1115000000",
            "ebitda": "1569000000",
            "netIncome": "622000000"
        },
        {
            "fiscalDateEnding": "2021-09-30",
            "reportedCurrency": "USD",
            "grossProfit": "2323000000",
            "totalRevenue": "2475000000",
            "costOfRevenue": "152000000",
            "costofGoodsAndServicesSold": "1967000000",
            "operatingIncome": "355000000",
            "sellingGeneralAndAdministrative": "152000000",
            "researchAndDevelopment": "None",
            "operatingExpenses": "561000000",
            "investmentIncomeNet": "None",
            "netInterestIncome": "-292000000",
            "interestIncome": "133000000",
            "interestExpense": "292000000",
            "nonInterestIncome": "3748000000",
            "otherNonOperatingIncome": "4000000",
            "depreciation": "None",
            "depreciationAndAmortization": "487000000",
            "incomeBeforeTax": "218000000",
            "incomeTaxExpense": "53000000",
            "interestAndDebtExpense": "292000000",
            "netIncomeFromContinuingOperations": "173000000",
            "comprehensiveIncomeNetOfTax": "166000000",
            "ebit": "510000000",
            "ebitda": "997000000",
            "netIncome": "165000000"
        },
        {
            "fiscalDateEnding": "2021-06-30",
            "reportedCurrency": "USD",
            "grossProfit": "2169000000",
            "totalRevenue": "2283000000",
            "costOfRevenue": "114000000",
            "costofGoodsAndServicesSold": "1557000000",
            "operatingIncome": "600000000",
            "sellingGeneralAndAdministrative": "114000000",
            "researchAndDevelopment": "None",
            "operatingExpenses": "493000000",
            "investmentIncomeNet": "None",
            "netInterestIncome": "-298000000",
            "interestIncome": "161000000",
            "interestExpense": "298000000",
            "nonInterestIncome": "2270000000",
            "otherNonOperatingIncome": "2000000",
            "depreciation": "None",
            "depreciationAndAmortization": "463000000",
            "incomeBeforeTax": "423000000",
            "incomeTaxExpense": "119000000",
            "interestAndDebtExpense": "298000000",
            "netIncomeFromContinuingOperations": "322000000",
            "comprehensiveIncomeNetOfTax": "294000000",
            "ebit": "721000000",
            "ebitda": "1184000000",
            "netIncome": "304000000"
        },
        {
            "fiscalDateEnding": "2021-03-31",
            "reportedCurrency": "USD",
            "grossProfit": "2489000000",
            "totalRevenue": "2612000000",
            "costOfRevenue": "123000000",
            "costofGoodsAndServicesSold": "1751000000",
            "operatingIncome": "739000000",
            "sellingGeneralAndAdministrative": "123000000",
            "researchAndDevelopment": "None",
            "operatingExpenses": "483000000",
            "investmentIncomeNet": "None",
            "netInterestIncome": "-294000000",
            "interestIncome": "161000000",
            "interestExpense": "294000000",
            "nonInterestIncome": "2629000000",
            "otherNonOperatingIncome": "-2000000",
            "depreciation": "None",
            "depreciationAndAmortization": "438000000",
            "incomeBeforeTax": "567000000",
            "incomeTaxExpense": "141000000",
            "interestAndDebtExpense": "294000000",
            "netIncomeFromContinuingOperations": "435000000",
            "comprehensiveIncomeNetOfTax": "422000000",
            "ebit": "861000000",
            "ebitda": "1299000000",
            "netIncome": "426000000"
        },
        {
            "fiscalDateEnding": "2020-12-31",
            "reportedCurrency": "USD",
            "grossProfit": "1479000000",
            "totalRevenue": "2092000000",
            "costOfRevenue": "613000000",
            "costofGoodsAndServicesSold": "1286000000",
            "operatingIncome": "518000000",
            "sellingGeneralAndAdministrative": "112000000",
            "researchAndDevelopment": "None",
            "operatingExpenses": "445000000",
            "investmentIncomeNet": "None",
            "netInterestIncome": "-290000000",
            "interestIncome": "196000000",
            "interestExpense": "290000000",
            "nonInterestIncome": "2071000000",
            "otherNonOperatingIncome": "-29000000",
            "depreciation": "None",
            "depreciationAndAmortization": "436000000",
            "incomeBeforeTax": "171000000",
            "incomeTaxExpense": "55000000",
            "interestAndDebtExpense": "290000000",
            "netIncomeFromContinuingOperations": "140000000",
            "comprehensiveIncomeNetOfTax": "180000000",
            "ebit": "461000000",
            "ebitda": "897000000",
            "netIncome": "116000000"
        },
        {
            "fiscalDateEnding": "2020-09-30",
            "reportedCurrency": "USD",
            "grossProfit": "1819000000",
            "totalRevenue": "1933000000",
            "costOfRevenue": "114000000",
            "costofGoodsAndServicesSold": "1163000000",
            "operatingIncome": "641000000",
            "sellingGeneralAndAdministrative": "114000000",
            "researchAndDevelopment": "None",
            "operatingExpenses": "450000000",
            "investmentIncomeNet": "None",
            "netInterestIncome": "-292000000",
            "interestIncome": "184000000",
            "interestExpense": "292000000",
            "nonInterestIncome": "1918000000",
            "otherNonOperatingIncome": "-23000000",
            "depreciation": "None",
            "depreciationAndAmortization": "426000000",
            "incomeBeforeTax": "420000000",
            "incomeTaxExpense": "111000000",
            "interestAndDebtExpense": "292000000",
            "netIncomeFromContinuingOperations": "323000000",
            "comprehensiveIncomeNetOfTax": "325000000",
            "ebit": "712000000",
            "ebitda": "1138000000",
            "netIncome": "309000000"
        },
        {
            "fiscalDateEnding": "2020-06-30",
            "reportedCurrency": "USD",
            "grossProfit": "1654000000",
            "totalRevenue": "1781000000",
            "costOfRevenue": "127000000",
            "costofGoodsAndServicesSold": "1036000000",
            "operatingIncome": "612000000",
            "sellingGeneralAndAdministrative": "127000000",
            "researchAndDevelopment": "None",
            "operatingExpenses": "447000000",
            "investmentIncomeNet": "None",
            "netInterestIncome": "-294000000",
            "interestIncome": "185000000",
            "interestExpense": "294000000",
            "nonInterestIncome": "1766000000",
            "otherNonOperatingIncome": "5000000",
            "depreciation": "None",
            "depreciationAndAmortization": "430000000",
            "incomeBeforeTax": "420000000",
            "incomeTaxExpense": "117000000",
            "interestAndDebtExpense": "294000000",
            "netIncomeFromContinuingOperations": "315000000",
            "comprehensiveIncomeNetOfTax": "332000000",
            "ebit": "714000000",
            "ebitda": "1144000000",
            "netIncome": "303000000"
        },
        {
            "fiscalDateEnding": "2020-03-31",
            "reportedCurrency": "USD",
            "grossProfit": "675000000",
            "totalRevenue": "1913000000",
            "costOfRevenue": "1238000000",
            "costofGoodsAndServicesSold": "1175000000",
            "operatingIncome": "431000000",
            "sellingGeneralAndAdministrative": "113000000",
            "researchAndDevelopment": "None",
            "operatingExpenses": "450000000",
            "investmentIncomeNet": "None",
            "netInterestIncome": "-296000000",
            "interestIncome": "271000000",
            "interestExpense": "296000000",
            "nonInterestIncome": "1898000000",
            "otherNonOperatingIncome": "4000000",
            "depreciation": "None",
            "depreciationAndAmortization": "429000000",
            "incomeBeforeTax": "-721000000",
            "incomeTaxExpense": "-204000000",
            "interestAndDebtExpense": "296000000",
            "netIncomeFromContinuingOperations": "-570000000",
            "comprehensiveIncomeNetOfTax": "-523000000",
            "ebit": "-425000000",
            "ebitda": "4000000",
            "netIncome": "-517000000"
        },
        {
            "fiscalDateEnding": "2019-12-31",
            "reportedCurrency": "USD",
            "grossProfit": "1241000000",
            "totalRevenue": "2107000000",
            "costOfRevenue": "866000000",
            "costofGoodsAndServicesSold": "1357000000",
            "operatingIncome": "234000000",
            "sellingGeneralAndAdministrative": "148000000",
            "researchAndDevelopment": "None",
            "operatingExpenses": "527000000",
            "investmentIncomeNet": "None",
            "netInterestIncome": "-298000000",
            "interestIncome": "208000000",
            "interestExpense": "298000000",
            "nonInterestIncome": "2100000000",
            "otherNonOperatingIncome": "14000000",
            "depreciation": "None",
            "depreciationAndAmortization": "439000000",
            "incomeBeforeTax": "215000000",
            "incomeTaxExpense": "91000000",
            "interestAndDebtExpense": "298000000",
            "netIncomeFromContinuingOperations": "82000000",
            "comprehensiveIncomeNetOfTax": "191000000",
            "ebit": "513000000",
            "ebitda": "952000000",
            "netIncome": "124000000"
        },
        {
            "fiscalDateEnding": "2019-09-30",
            "reportedCurrency": "USD",
            "grossProfit": "1859000000",
            "totalRevenue": "1999000000",
            "costOfRevenue": "140000000",
            "costofGoodsAndServicesSold": "1252000000",
            "operatingIncome": "628000000",
            "sellingGeneralAndAdministrative": "130000000",
            "researchAndDevelopment": "None",
            "operatingExpenses": "494000000",
            "investmentIncomeNet": "None",
            "netInterestIncome": "-296000000",
            "interestIncome": "196000000",
            "interestExpense": "296000000",
            "nonInterestIncome": "1985000000",
            "otherNonOperatingIncome": "1000000",
            "depreciation": "None",
            "depreciationAndAmortization": "435000000",
            "incomeBeforeTax": "298000000",
            "incomeTaxExpense": "77000000",
            "interestAndDebtExpense": "296000000",
            "netIncomeFromContinuingOperations": "242000000",
            "comprehensiveIncomeNetOfTax": "220000000",
            "ebit": "594000000",
            "ebitda": "1029000000",
            "netIncome": "221000000"
        },
        {
            "fiscalDateEnding": "2019-06-30",
            "reportedCurrency": "USD",
            "grossProfit": "1782000000",
            "totalRevenue": "2041000000",
            "costOfRevenue": "259000000",
            "costofGoodsAndServicesSold": "1318000000",
            "operatingIncome": "498000000",
            "sellingGeneralAndAdministrative": "152000000",
            "researchAndDevelopment": "None",
            "operatingExpenses": "539000000",
            "investmentIncomeNet": "None",
            "netInterestIncome": "-296000000",
            "interestIncome": "85000000",
            "interestExpense": "296000000",
            "nonInterestIncome": "2143000000",
            "otherNonOperatingIncome": "7000000",
            "depreciation": "None",
            "depreciationAndAmortization": "424000000",
            "incomeBeforeTax": "408000000",
            "incomeTaxExpense": "98000000",
            "interestAndDebtExpense": "296000000",
            "netIncomeFromContinuingOperations": "324000000",
            "comprehensiveIncomeNetOfTax": "312000000",
            "ebit": "704000000",
            "ebitda": "1128000000",
            "netIncome": "310000000"
        },
        {
            "fiscalDateEnding": "2019-03-31",
            "reportedCurrency": "USD",
            "grossProfit": "1852000000",
            "totalRevenue": "2054000000",
            "costOfRevenue": "202000000",
            "costofGoodsAndServicesSold": "1321000000",
            "operatingIncome": "561000000",
            "sellingGeneralAndAdministrative": "128000000",
            "researchAndDevelopment": "None",
            "operatingExpenses": "468000000",
            "investmentIncomeNet": "None",
            "netInterestIncome": "-296000000",
            "interestIncome": "215000000",
            "interestExpense": "296000000",
            "nonInterestIncome": "2034000000",
            "otherNonOperatingIncome": "11000000",
            "depreciation": "None",
            "depreciationAndAmortization": "416000000",
            "incomeBeforeTax": "264000000",
            "incomeTaxExpense": "69000000",
            "interestAndDebtExpense": "296000000",
            "netIncomeFromContinuingOperations": "214000000",
            "comprehensiveIncomeNetOfTax": "198000000",
            "ebit": "560000000",
            "ebitda": "976000000",
            "netIncome": "195000000"
        },
        {
            "fiscalDateEnding": "2018-12-31",
            "reportedCurrency": "USD",
            "grossProfit": "1701000000",
            "totalRevenue": "2204000000",
            "costOfRevenue": "503000000",
            "costofGoodsAndServicesSold": "1522000000",
            "operatingIncome": "-634000000",
            "sellingGeneralAndAdministrative": "133000000",
            "researchAndDevelopment": "None",
            "operatingExpenses": "-186000000",
            "investmentIncomeNet": "None",
            "netInterestIncome": "-294000000",
            "interestIncome": "None",
            "interestExpense": "294000000",
            "nonInterestIncome": "2181000000",
            "otherNonOperatingIncome": "-7000000",
            "depreciation": "None",
            "depreciationAndAmortization": "435000000",
            "incomeBeforeTax": "-730000000",
            "incomeTaxExpense": "-159000000",
            "interestAndDebtExpense": "294000000",
            "netIncomeFromContinuingOperations": "-895000000",
            "comprehensiveIncomeNetOfTax": "-550000000",
            "ebit": "-436000000",
            "ebitda": "-1000000",
            "netIncome": "-571000000"
        },
        {
            "fiscalDateEnding": "2018-09-30",
            "reportedCurrency": "USD",
            "grossProfit": "2129000000",
            "totalRevenue": "2303000000",
            "costOfRevenue": "174000000",
            "costofGoodsAndServicesSold": "1634000000",
            "operatingIncome": "501000000",
            "sellingGeneralAndAdministrative": "174000000",
            "researchAndDevelopment": "None",
            "operatingExpenses": "563000000",
            "investmentIncomeNet": "None",
            "netInterestIncome": "-270000000",
            "interestIncome": "None",
            "interestExpense": "270000000",
            "nonInterestIncome": "2280000000",
            "otherNonOperatingIncome": "52000000",
            "depreciation": "None",
            "depreciationAndAmortization": "425000000",
            "incomeBeforeTax": "319000000",
            "incomeTaxExpense": "190000000",
            "interestAndDebtExpense": "270000000",
            "netIncomeFromContinuingOperations": "200000000",
            "comprehensiveIncomeNetOfTax": "134000000",
            "ebit": "589000000",
            "ebitda": "1014000000",
            "netIncome": "129000000"
        },
        {
            "fiscalDateEnding": "2018-06-30",
            "reportedCurrency": "USD",
            "grossProfit": "1259000000",
            "totalRevenue": "2091000000",
            "costOfRevenue": "832000000",
            "costofGoodsAndServicesSold": "636000000",
            "operatingIncome": "410000000",
            "sellingGeneralAndAdministrative": "130000000",
            "researchAndDevelopment": "None",
            "operatingExpenses": "518000000",
            "investmentIncomeNet": "None",
            "netInterestIncome": "-275000000",
            "interestIncome": "None",
            "interestExpense": "275000000",
            "nonInterestIncome": "2075000000",
            "otherNonOperatingIncome": "26000000",
            "depreciation": "None",
            "depreciationAndAmortization": "434000000",
            "incomeBeforeTax": "187000000",
            "incomeTaxExpense": "52000000",
            "interestAndDebtExpense": "275000000",
            "netIncomeFromContinuingOperations": "269000000",
            "comprehensiveIncomeNetOfTax": "136000000",
            "ebit": "462000000",
            "ebitda": "896000000",
            "netIncome": "135000000"
        },
        {
            "fiscalDateEnding": "2018-03-31",
            "reportedCurrency": "USD",
            "grossProfit": "1343000000",
            "totalRevenue": "2088000000",
            "costOfRevenue": "745000000",
            "costofGoodsAndServicesSold": "613000000",
            "operatingIncome": "491000000",
            "sellingGeneralAndAdministrative": "132000000",
            "researchAndDevelopment": "None",
            "operatingExpenses": "489000000",
            "investmentIncomeNet": "None",
            "netInterestIncome": "-273000000",
            "interestIncome": "None",
            "interestExpense": "273000000",
            "nonInterestIncome": "2073000000",
            "otherNonOperatingIncome": "21000000",
            "depreciation": "None",
            "depreciationAndAmortization": "431000000",
            "incomeBeforeTax": "207000000",
            "incomeTaxExpense": "55000000",
            "interestAndDebtExpense": "273000000",
            "netIncomeFromContinuingOperations": "270000000",
            "comprehensiveIncomeNetOfTax": "157000000",
            "ebit": "480000000",
            "ebitda": "911000000",
            "netIncome": "152000000"
        }
    ]
}