{
    "symbol": "WYNN",
    "annualReports": [
        {
            "fiscalDateEnding": "2022-12-31",
            "reportedCurrency": "USD",
            "grossProfit": "1729536000",
            "totalRevenue": "3310708000",
            "costOfRevenue": "1581172000",
            "costofGoodsAndServicesSold": "2503374000",
            "operatingIncome": "-100676000",
            "sellingGeneralAndAdministrative": "830450000",
            "researchAndDevelopment": "None",
            "operatingExpenses": "2217951000",
            "investmentIncomeNet": "29758000",
            "netInterestIncome": "-650885000",
            "interestIncome": "29758000",
            "interestExpense": "650885000",
            "nonInterestIncome": "3772781000",
            "otherNonOperatingIncome": "5811000",
            "depreciation": "652100000",
            "depreciationAndAmortization": "692318000",
            "incomeBeforeTax": "-414524000",
            "incomeTaxExpense": "9332000",
            "interestAndDebtExpense": "650885000",
            "netIncomeFromContinuingOperations": "-709368000",
            "comprehensiveIncomeNetOfTax": "-430264000",
            "ebit": "236361000",
            "ebitda": "928679000",
            "netIncome": "-423856000"
        },
        {
            "fiscalDateEnding": "2021-12-31",
            "reportedCurrency": "USD",
            "grossProfit": "1840108000",
            "totalRevenue": "3369783000",
            "costOfRevenue": "1529675000",
            "costofGoodsAndServicesSold": "2558581000",
            "operatingIncome": "-394541000",
            "sellingGeneralAndAdministrative": "796592000",
            "researchAndDevelopment": "None",
            "operatingExpenses": "2523144000",
            "investmentIncomeNet": "3213000",
            "netInterestIncome": "-605562000",
            "interestIncome": "3213000",
            "interestExpense": "605562000",
            "nonInterestIncome": "3772964000",
            "otherNonOperatingIncome": "-23926000",
            "depreciation": "685700000",
            "depreciationAndAmortization": "715962000",
            "incomeBeforeTax": "-755312000",
            "incomeTaxExpense": "474000",
            "interestAndDebtExpense": "607622000",
            "netIncomeFromContinuingOperations": "-1011990000",
            "comprehensiveIncomeNetOfTax": "-753386000",
            "ebit": "-149750000",
            "ebitda": "566212000",
            "netIncome": "-755786000"
        },
        {
            "fiscalDateEnding": "2020-12-31",
            "reportedCurrency": "USD",
            "grossProfit": "203704000",
            "totalRevenue": "1656561000",
            "costOfRevenue": "1452857000",
            "costofGoodsAndServicesSold": "1743219000",
            "operatingIncome": "-1232045000",
            "sellingGeneralAndAdministrative": "720849000",
            "researchAndDevelopment": "None",
            "operatingExpenses": "2424972000",
            "investmentIncomeNet": "15384000",
            "netInterestIncome": "-556474000",
            "interestIncome": "15384000",
            "interestExpense": "556474000",
            "nonInterestIncome": "2078200000",
            "otherNonOperatingIncome": "28521000",
            "depreciation": "699600000",
            "depreciationAndAmortization": "725502000",
            "incomeBeforeTax": "-1502574000",
            "incomeTaxExpense": "564671000",
            "interestAndDebtExpense": "561075000",
            "netIncomeFromContinuingOperations": "-2326946000",
            "comprehensiveIncomeNetOfTax": "-2061962000",
            "ebit": "-946100000",
            "ebitda": "-220598000",
            "netIncome": "-2067245000"
        },
        {
            "fiscalDateEnding": "2019-12-31",
            "reportedCurrency": "USD",
            "grossProfit": "4557847000",
            "totalRevenue": "6181404000",
            "costOfRevenue": "1623557000",
            "costofGoodsAndServicesSold": "4067053000",
            "operatingIncome": "878305000",
            "sellingGeneralAndAdministrative": "896670000",
            "researchAndDevelopment": "None",
            "operatingExpenses": "2582558000",
            "investmentIncomeNet": "24449000",
            "netInterestIncome": "-414030000",
            "interestIncome": "24449000",
            "interestExpense": "414030000",
            "nonInterestIncome": "6595434000",
            "otherNonOperatingIncome": "15159000",
            "depreciation": "602900000",
            "depreciationAndAmortization": "624878000",
            "incomeBeforeTax": "299825000",
            "incomeTaxExpense": "176840000",
            "interestAndDebtExpense": "426467000",
            "netIncomeFromContinuingOperations": "311378000",
            "comprehensiveIncomeNetOfTax": "123256000",
            "ebit": "713855000",
            "ebitda": "1338733000",
            "netIncome": "122985000"
        },
        {
            "fiscalDateEnding": "2018-12-31",
            "reportedCurrency": "USD",
            "grossProfit": "1448997000",
            "totalRevenue": "6717660000",
            "costOfRevenue": "5268663000",
            "costofGoodsAndServicesSold": "3903162000",
            "operatingIncome": "735544000",
            "sellingGeneralAndAdministrative": "761415000",
            "researchAndDevelopment": "None",
            "operatingExpenses": "2680897000",
            "investmentIncomeNet": "29866000",
            "netInterestIncome": "-381849000",
            "interestIncome": "29866000",
            "interestExpense": "381849000",
            "nonInterestIncome": "49384000",
            "otherNonOperatingIncome": "-4074000",
            "depreciation": "546100000",
            "depreciationAndAmortization": "550596000",
            "incomeBeforeTax": "75086000",
            "incomeTaxExpense": "-497344000",
            "interestAndDebtExpense": "381745000",
            "netIncomeFromContinuingOperations": "803084000",
            "comprehensiveIncomeNetOfTax": "581536000",
            "ebit": "456935000",
            "ebitda": "1007531000",
            "netIncome": "572430000"
        }
    ],
    "quarterlyReports": [
        {
            "fiscalDateEnding": "2022-12-31",
            "reportedCurrency": "USD",
            "grossProfit": "465528000",
            "totalRevenue": "877084000",
            "costOfRevenue": "411556000",
            "costofGoodsAndServicesSold": "672126000",
            "operatingIncome": "99208000",
            "sellingGeneralAndAdministrative": "232017000",
            "researchAndDevelopment": "None",
            "operatingExpenses": "329508000",
            "investmentIncomeNet": "18895000",
            "netInterestIncome": "-178620000",
            "interestIncome": "18895000",
            "interestExpense": "178620000",
            "nonInterestIncome": "1006092000",
            "otherNonOperatingIncome": "31901000",
            "depreciation": "160000000",
            "depreciationAndAmortization": "172292000",
            "incomeBeforeTax": "38495000",
            "incomeTaxExpense": "6084000",
            "interestAndDebtExpense": "178620000",
            "netIncomeFromContinuingOperations": "-33545000",
            "comprehensiveIncomeNetOfTax": "21619000",
            "ebit": "217115000",
            "ebitda": "389407000",
            "netIncome": "32411000"
        },
        {
            "fiscalDateEnding": "2022-09-30",
            "reportedCurrency": "USD",
            "grossProfit": "392711000",
            "totalRevenue": "772935000",
            "costOfRevenue": "380224000",
            "costofGoodsAndServicesSold": "565942000",
            "operatingIncome": "-52991000",
            "sellingGeneralAndAdministrative": "201275000",
            "researchAndDevelopment": "None",
            "operatingExpenses": "598563000",
            "investmentIncomeNet": "6892000",
            "netInterestIncome": "-165277000",
            "interestIncome": "6892000",
            "interestExpense": "165277000",
            "nonInterestIncome": "895561000",
            "otherNonOperatingIncome": "-864000",
            "depreciation": "161700000",
            "depreciationAndAmortization": "172502000",
            "incomeBeforeTax": "-141502000",
            "incomeTaxExpense": "1390000",
            "interestAndDebtExpense": "165277000",
            "netIncomeFromContinuingOperations": "-207791000",
            "comprehensiveIncomeNetOfTax": "-142333000",
            "ebit": "23775000",
            "ebitda": "196277000",
            "netIncome": "-142892000"
        },
        {
            "fiscalDateEnding": "2022-06-30",
            "reportedCurrency": "USD",
            "grossProfit": "439041000",
            "totalRevenue": "806889000",
            "costOfRevenue": "367848000",
            "costofGoodsAndServicesSold": "569590000",
            "operatingIncome": "-52028000",
            "sellingGeneralAndAdministrative": "200378000",
            "researchAndDevelopment": "None",
            "operatingExpenses": "595548000",
            "investmentIncomeNet": "2691000",
            "netInterestIncome": "-154830000",
            "interestIncome": "2691000",
            "interestExpense": "154830000",
            "nonInterestIncome": "910394000",
            "otherNonOperatingIncome": "-10099000",
            "depreciation": "154100000",
            "depreciationAndAmortization": "162968000",
            "incomeBeforeTax": "-129333000",
            "incomeTaxExpense": "718000",
            "interestAndDebtExpense": "154830000",
            "netIncomeFromContinuingOperations": "-213422000",
            "comprehensiveIncomeNetOfTax": "-129523000",
            "ebit": "25497000",
            "ebitda": "188465000",
            "netIncome": "-130051000"
        },
        {
            "fiscalDateEnding": "2022-03-31",
            "reportedCurrency": "USD",
            "grossProfit": "439767000",
            "totalRevenue": "853800000",
            "costOfRevenue": "414033000",
            "costofGoodsAndServicesSold": "618354000",
            "operatingIncome": "-94865000",
            "sellingGeneralAndAdministrative": "196780000",
            "researchAndDevelopment": "None",
            "operatingExpenses": "686821000",
            "investmentIncomeNet": "1280000",
            "netInterestIncome": "-152158000",
            "interestIncome": "1280000",
            "interestExpense": "152158000",
            "nonInterestIncome": "960734000",
            "otherNonOperatingIncome": "-15127000",
            "depreciation": "176300000",
            "depreciationAndAmortization": "184556000",
            "incomeBeforeTax": "-182184000",
            "incomeTaxExpense": "1140000",
            "interestAndDebtExpense": "152158000",
            "netIncomeFromContinuingOperations": "-254610000",
            "comprehensiveIncomeNetOfTax": "-180027000",
            "ebit": "-30026000",
            "ebitda": "154530000",
            "netIncome": "-183324000"
        },
        {
            "fiscalDateEnding": "2021-12-31",
            "reportedCurrency": "USD",
            "grossProfit": "542295000",
            "totalRevenue": "946308000",
            "costOfRevenue": "404013000",
            "costofGoodsAndServicesSold": "707917000",
            "operatingIncome": "-105624000",
            "sellingGeneralAndAdministrative": "221923000",
            "researchAndDevelopment": "None",
            "operatingExpenses": "680763000",
            "investmentIncomeNet": "1082000",
            "netInterestIncome": "-151961000",
            "interestIncome": "1082000",
            "interestExpense": "151961000",
            "nonInterestIncome": "1047028000",
            "otherNonOperatingIncome": "-6602000",
            "depreciation": "162100000",
            "depreciationAndAmortization": "170424000",
            "incomeBeforeTax": "-179061000",
            "incomeTaxExpense": "-1871000",
            "interestAndDebtExpense": "151961000",
            "netIncomeFromContinuingOperations": "-256431000",
            "comprehensiveIncomeNetOfTax": "-175305000",
            "ebit": "-27100000",
            "ebitda": "143324000",
            "netIncome": "-177190000"
        },
        {
            "fiscalDateEnding": "2021-09-30",
            "reportedCurrency": "USD",
            "grossProfit": "516032000",
            "totalRevenue": "891825000",
            "costOfRevenue": "375793000",
            "costofGoodsAndServicesSold": "687561000",
            "operatingIncome": "-83664000",
            "sellingGeneralAndAdministrative": "197350000",
            "researchAndDevelopment": "None",
            "operatingExpenses": "613671000",
            "investmentIncomeNet": "507000",
            "netInterestIncome": "-150325000",
            "interestIncome": "507000",
            "interestExpense": "150325000",
            "nonInterestIncome": "995082000",
            "otherNonOperatingIncome": "-11784000",
            "depreciation": "169700000",
            "depreciationAndAmortization": "177110000",
            "incomeBeforeTax": "-165094000",
            "incomeTaxExpense": "1155000",
            "interestAndDebtExpense": "151063000",
            "netIncomeFromContinuingOperations": "-245983000",
            "comprehensiveIncomeNetOfTax": "-168423000",
            "ebit": "-14769000",
            "ebitda": "162341000",
            "netIncome": "-166249000"
        },
        {
            "fiscalDateEnding": "2021-06-30",
            "reportedCurrency": "USD",
            "grossProfit": "512642000",
            "totalRevenue": "895989000",
            "costOfRevenue": "383347000",
            "costofGoodsAndServicesSold": "630195000",
            "operatingIncome": "-29521000",
            "sellingGeneralAndAdministrative": "197545000",
            "researchAndDevelopment": "None",
            "operatingExpenses": "620189000",
            "investmentIncomeNet": "720000",
            "netInterestIncome": "-150424000",
            "interestIncome": "720000",
            "interestExpense": "150424000",
            "nonInterestIncome": "991085000",
            "otherNonOperatingIncome": "5553000",
            "depreciation": "176100000",
            "depreciationAndAmortization": "183307000",
            "incomeBeforeTax": "-130672000",
            "incomeTaxExpense": "697000",
            "interestAndDebtExpense": "150424000",
            "netIncomeFromContinuingOperations": "-173397000",
            "comprehensiveIncomeNetOfTax": "-131577000",
            "ebit": "19752000",
            "ebitda": "203059000",
            "netIncome": "-131369000"
        },
        {
            "fiscalDateEnding": "2021-03-31",
            "reportedCurrency": "USD",
            "grossProfit": "258240000",
            "totalRevenue": "624762000",
            "costOfRevenue": "366522000",
            "costofGoodsAndServicesSold": "522009000",
            "operatingIncome": "-175732000",
            "sellingGeneralAndAdministrative": "179774000",
            "researchAndDevelopment": "None",
            "operatingExpenses": "608521000",
            "investmentIncomeNet": "904000",
            "netInterestIncome": "-152852000",
            "interestIncome": "904000",
            "interestExpense": "152852000",
            "nonInterestIncome": "728870000",
            "otherNonOperatingIncome": "-11093000",
            "depreciation": "177700000",
            "depreciationAndAmortization": "185121000",
            "incomeBeforeTax": "-280485000",
            "incomeTaxExpense": "493000",
            "interestAndDebtExpense": "154174000",
            "netIncomeFromContinuingOperations": "-336179000",
            "comprehensiveIncomeNetOfTax": "-278081000",
            "ebit": "-127633000",
            "ebitda": "57488000",
            "netIncome": "-280978000"
        },
        {
            "fiscalDateEnding": "2020-12-31",
            "reportedCurrency": "USD",
            "grossProfit": "233231000",
            "totalRevenue": "591671000",
            "costOfRevenue": "358440000",
            "costofGoodsAndServicesSold": "478585000",
            "operatingIncome": "-178611000",
            "sellingGeneralAndAdministrative": "173544000",
            "researchAndDevelopment": "None",
            "operatingExpenses": "610659000",
            "investmentIncomeNet": "1415000",
            "netInterestIncome": "-149287000",
            "interestIncome": "1415000",
            "interestExpense": "149287000",
            "nonInterestIncome": "687214000",
            "otherNonOperatingIncome": "15541000",
            "depreciation": "177200000",
            "depreciationAndAmortization": "184004000",
            "incomeBeforeTax": "-268934000",
            "incomeTaxExpense": "568000",
            "interestAndDebtExpense": "149287000",
            "netIncomeFromContinuingOperations": "-310291000",
            "comprehensiveIncomeNetOfTax": "-265000000",
            "ebit": "-119647000",
            "ebitda": "64357000",
            "netIncome": "-269502000"
        },
        {
            "fiscalDateEnding": "2020-09-30",
            "reportedCurrency": "USD",
            "grossProfit": "-105563000",
            "totalRevenue": "239696000",
            "costOfRevenue": "345259000",
            "costofGoodsAndServicesSold": "286707000",
            "operatingIncome": "-283007000",
            "sellingGeneralAndAdministrative": "160896000",
            "researchAndDevelopment": "None",
            "operatingExpenses": "573994000",
            "investmentIncomeNet": "2033000",
            "netInterestIncome": "-145142000",
            "interestIncome": "2033000",
            "interestExpense": "145142000",
            "nonInterestIncome": "371988000",
            "otherNonOperatingIncome": "412000",
            "depreciation": "177300000",
            "depreciationAndAmortization": "183486000",
            "incomeBeforeTax": "-350777000",
            "incomeTaxExpense": "407365000",
            "interestAndDebtExpense": "148281000",
            "netIncomeFromContinuingOperations": "-831533000",
            "comprehensiveIncomeNetOfTax": "-758132000",
            "ebit": "-205635000",
            "ebitda": "-22149000",
            "netIncome": "-758142000"
        },
        {
            "fiscalDateEnding": "2020-06-30",
            "reportedCurrency": "USD",
            "grossProfit": "-355054000",
            "totalRevenue": "16809000",
            "costOfRevenue": "333533000",
            "costofGoodsAndServicesSold": "240267000",
            "operatingIncome": "-523016000",
            "sellingGeneralAndAdministrative": "152081000",
            "researchAndDevelopment": "None",
            "operatingExpenses": "561999000",
            "investmentIncomeNet": "3983000",
            "netInterestIncome": "-133218000",
            "interestIncome": "3983000",
            "interestExpense": "133218000",
            "nonInterestIncome": "81785000",
            "otherNonOperatingIncome": "2233000",
            "depreciation": "172800000",
            "depreciationAndAmortization": "179266000",
            "incomeBeforeTax": "-556626000",
            "incomeTaxExpense": "80938000",
            "interestAndDebtExpense": "133837000",
            "netIncomeFromContinuingOperations": "-734831000",
            "comprehensiveIncomeNetOfTax": "-637525000",
            "ebit": "-423408000",
            "ebitda": "-244142000",
            "netIncome": "-637564000"
        },
        {
            "fiscalDateEnding": "2020-03-31",
            "reportedCurrency": "USD",
            "grossProfit": "392761000",
            "totalRevenue": "808386000",
            "costOfRevenue": "415625000",
            "costofGoodsAndServicesSold": "737660000",
            "operatingIncome": "-247411000",
            "sellingGeneralAndAdministrative": "234328000",
            "researchAndDevelopment": "None",
            "operatingExpenses": "678320000",
            "investmentIncomeNet": "7953000",
            "netInterestIncome": "-128827000",
            "interestIncome": "7953000",
            "interestExpense": "128827000",
            "nonInterestIncome": "937213000",
            "otherNonOperatingIncome": "10335000",
            "depreciation": "172300000",
            "depreciationAndAmortization": "178746000",
            "incomeBeforeTax": "-326237000",
            "incomeTaxExpense": "75800000",
            "interestAndDebtExpense": "129670000",
            "netIncomeFromContinuingOperations": "-450253000",
            "comprehensiveIncomeNetOfTax": "-401305000",
            "ebit": "-197410000",
            "ebitda": "-18664000",
            "netIncome": "-402037000"
        },
        {
            "fiscalDateEnding": "2019-12-31",
            "reportedCurrency": "USD",
            "grossProfit": "1135322000",
            "totalRevenue": "1543855000",
            "costOfRevenue": "408533000",
            "costofGoodsAndServicesSold": "1007123000",
            "operatingIncome": "226578000",
            "sellingGeneralAndAdministrative": "230682000",
            "researchAndDevelopment": "None",
            "operatingExpenses": "633916000",
            "investmentIncomeNet": "4470000",
            "netInterestIncome": "-113049000",
            "interestIncome": "4470000",
            "interestExpense": "113049000",
            "nonInterestIncome": "1656904000",
            "otherNonOperatingIncome": "18505000",
            "depreciation": "168500000",
            "depreciationAndAmortization": "175054000",
            "incomeBeforeTax": "84477000",
            "incomeTaxExpense": "157419000",
            "interestAndDebtExpense": "113290000",
            "netIncomeFromContinuingOperations": "-17491000",
            "comprehensiveIncomeNetOfTax": "-71921000",
            "ebit": "197526000",
            "ebitda": "372580000",
            "netIncome": "-72942000"
        },
        {
            "fiscalDateEnding": "2019-09-30",
            "reportedCurrency": "USD",
            "grossProfit": "1097757000",
            "totalRevenue": "1518813000",
            "costOfRevenue": "421056000",
            "costofGoodsAndServicesSold": "1036619000",
            "operatingIncome": "177835000",
            "sellingGeneralAndAdministrative": "246442000",
            "researchAndDevelopment": "None",
            "operatingExpenses": "644203000",
            "investmentIncomeNet": "6427000",
            "netInterestIncome": "-114652000",
            "interestIncome": "6427000",
            "interestExpense": "114652000",
            "nonInterestIncome": "1633465000",
            "otherNonOperatingIncome": "-8703000",
            "depreciation": "166500000",
            "depreciationAndAmortization": "172998000",
            "incomeBeforeTax": "16231000",
            "incomeTaxExpense": "19727000",
            "interestAndDebtExpense": "126848000",
            "netIncomeFromContinuingOperations": "26910000",
            "comprehensiveIncomeNetOfTax": "-4210000",
            "ebit": "130883000",
            "ebitda": "303881000",
            "netIncome": "-3496000"
        },
        {
            "fiscalDateEnding": "2019-06-30",
            "reportedCurrency": "USD",
            "grossProfit": "1149503000",
            "totalRevenue": "1561879000",
            "costOfRevenue": "412376000",
            "costofGoodsAndServicesSold": "1016729000",
            "operatingIncome": "218716000",
            "sellingGeneralAndAdministrative": "202224000",
            "researchAndDevelopment": "None",
            "operatingExpenses": "677824000",
            "investmentIncomeNet": "6265000",
            "netInterestIncome": "-93149000",
            "interestIncome": "6265000",
            "interestExpense": "93149000",
            "nonInterestIncome": "1655028000",
            "otherNonOperatingIncome": "11715000",
            "depreciation": "135600000",
            "depreciationAndAmortization": "140269000",
            "incomeBeforeTax": "92551000",
            "incomeTaxExpense": "-2000000",
            "interestAndDebtExpense": "93149000",
            "netIncomeFromContinuingOperations": "142234000",
            "comprehensiveIncomeNetOfTax": "95622000",
            "ebit": "185700000",
            "ebitda": "325969000",
            "netIncome": "94551000"
        },
        {
            "fiscalDateEnding": "2019-03-31",
            "reportedCurrency": "USD",
            "grossProfit": "1175265000",
            "totalRevenue": "1556857000",
            "costOfRevenue": "381592000",
            "costofGoodsAndServicesSold": "1006582000",
            "operatingIncome": "255176000",
            "sellingGeneralAndAdministrative": "217322000",
            "researchAndDevelopment": "None",
            "operatingExpenses": "626615000",
            "investmentIncomeNet": "7287000",
            "netInterestIncome": "-93180000",
            "interestIncome": "87402000",
            "interestExpense": "93180000",
            "nonInterestIncome": "1650037000",
            "otherNonOperatingIncome": "-6358000",
            "depreciation": "132300000",
            "depreciationAndAmortization": "136557000",
            "incomeBeforeTax": "106557000",
            "incomeTaxExpense": "1685000",
            "interestAndDebtExpense": "93180000",
            "netIncomeFromContinuingOperations": "159731000",
            "comprehensiveIncomeNetOfTax": "104231000",
            "ebit": "199737000",
            "ebitda": "336294000",
            "netIncome": "104872000"
        },
        {
            "fiscalDateEnding": "2018-12-31",
            "reportedCurrency": "USD",
            "grossProfit": "324274000",
            "totalRevenue": "1687586000",
            "costOfRevenue": "1363312000",
            "costofGoodsAndServicesSold": "990294000",
            "operatingIncome": "246283000",
            "sellingGeneralAndAdministrative": "215872000",
            "researchAndDevelopment": "None",
            "operatingExpenses": "630044000",
            "investmentIncomeNet": "8837000",
            "netInterestIncome": "-100717000",
            "interestIncome": "None",
            "interestExpense": "100717000",
            "nonInterestIncome": "47307000",
            "otherNonOperatingIncome": "-5113000",
            "depreciation": "None",
            "depreciationAndAmortization": "138911000",
            "incomeBeforeTax": "92153000",
            "incomeTaxExpense": "-372713000",
            "interestAndDebtExpense": "102744000",
            "netIncomeFromContinuingOperations": "515510000",
            "comprehensiveIncomeNetOfTax": "464999000",
            "ebit": "192870000",
            "ebitda": "331781000",
            "netIncome": "464866000"
        },
        {
            "fiscalDateEnding": "2018-09-30",
            "reportedCurrency": "USD",
            "grossProfit": "357126000",
            "totalRevenue": "1709072000",
            "costOfRevenue": "1351946000",
            "costofGoodsAndServicesSold": "1008447000",
            "operatingIncome": "290983000",
            "sellingGeneralAndAdministrative": "192327000",
            "researchAndDevelopment": "None",
            "operatingExpenses": "560168000",
            "investmentIncomeNet": "6948000",
            "netInterestIncome": "-93007000",
            "interestIncome": "None",
            "interestExpense": "93007000",
            "nonInterestIncome": "-252000",
            "otherNonOperatingIncome": "11216000",
            "depreciation": "None",
            "depreciationAndAmortization": "137458000",
            "incomeBeforeTax": "152215000",
            "incomeTaxExpense": "-3900000",
            "interestAndDebtExpense": "93205000",
            "netIncomeFromContinuingOperations": "219772000",
            "comprehensiveIncomeNetOfTax": "155970000",
            "ebit": "245222000",
            "ebitda": "382680000",
            "netIncome": "156115000"
        },
        {
            "fiscalDateEnding": "2018-06-30",
            "reportedCurrency": "USD",
            "grossProfit": "333562000",
            "totalRevenue": "1605424000",
            "costOfRevenue": "1271862000",
            "costofGoodsAndServicesSold": "939165000",
            "operatingIncome": "279572000",
            "sellingGeneralAndAdministrative": "183631000",
            "researchAndDevelopment": "None",
            "operatingExpenses": "528085000",
            "investmentIncomeNet": "6861000",
            "netInterestIncome": "-89898000",
            "interestIncome": "None",
            "interestExpense": "89898000",
            "nonInterestIncome": "0",
            "otherNonOperatingIncome": "-957000",
            "depreciation": "None",
            "depreciationAndAmortization": "137870000",
            "incomeBeforeTax": "146054000",
            "incomeTaxExpense": "-9702000",
            "interestAndDebtExpense": "89898000",
            "netIncomeFromContinuingOperations": "205280000",
            "comprehensiveIncomeNetOfTax": "155692000",
            "ebit": "235952000",
            "ebitda": "373822000",
            "netIncome": "155756000"
        },
        {
            "fiscalDateEnding": "2018-03-31",
            "reportedCurrency": "USD",
            "grossProfit": "434035000",
            "totalRevenue": "1715578000",
            "costOfRevenue": "1281543000",
            "costofGoodsAndServicesSold": "965256000",
            "operatingIncome": "-81294000",
            "sellingGeneralAndAdministrative": "169585000",
            "researchAndDevelopment": "None",
            "operatingExpenses": "962601000",
            "investmentIncomeNet": "7220000",
            "netInterestIncome": "-98227000",
            "interestIncome": "None",
            "interestExpense": "98227000",
            "nonInterestIncome": "2329000",
            "otherNonOperatingIncome": "-9220000",
            "depreciation": "None",
            "depreciationAndAmortization": "136357000",
            "incomeBeforeTax": "-315352000",
            "incomeTaxExpense": "-111045000",
            "interestAndDebtExpense": "95898000",
            "netIncomeFromContinuingOperations": "-137478000",
            "comprehensiveIncomeNetOfTax": "-195125000",
            "ebit": "-217125000",
            "ebitda": "-80768000",
            "netIncome": "-204307000"
        }
    ]
}