{
    "symbol": "APA",
    "annualReports": [
        {
            "fiscalDateEnding": "2022-12-31",
            "reportedCurrency": "USD",
            "grossProfit": "1267000000",
            "totalRevenue": "1874000000",
            "costOfRevenue": "607000000",
            "costofGoodsAndServicesSold": "2677000000",
            "operatingIncome": "5620000000",
            "sellingGeneralAndAdministrative": "462000000",
            "researchAndDevelopment": "None",
            "operatingExpenses": "5263000000",
            "investmentIncomeNet": "9000000",
            "netInterestIncome": "-312000000",
            "interestIncome": "10000000",
            "interestExpense": "312000000",
            "nonInterestIncome": "1006000000",
            "otherNonOperatingIncome": "139000000",
            "depreciation": "None",
            "depreciationAndAmortization": "2000000",
            "incomeBeforeTax": "5188000000",
            "incomeTaxExpense": "1652000000",
            "interestAndDebtExpense": "379000000",
            "netIncomeFromContinuingOperations": "4222000000",
            "comprehensiveIncomeNetOfTax": "3528000000",
            "ebit": "5620000000",
            "ebitda": "5502000000",
            "netIncome": "3536000000"
        },
        {
            "fiscalDateEnding": "2021-12-31",
            "reportedCurrency": "USD",
            "grossProfit": "-997000000",
            "totalRevenue": "7985000000",
            "costOfRevenue": "702000000",
            "costofGoodsAndServicesSold": "4445000000",
            "operatingIncome": "2888000000",
            "sellingGeneralAndAdministrative": "357000000",
            "researchAndDevelopment": "None",
            "operatingExpenses": "5097000000",
            "investmentIncomeNet": "8000000",
            "netInterestIncome": "-419000000",
            "interestIncome": "8000000",
            "interestExpense": "419000000",
            "nonInterestIncome": "57000000",
            "otherNonOperatingIncome": "228000000",
            "depreciation": "None",
            "depreciationAndAmortization": "2000000",
            "incomeBeforeTax": "1640000000",
            "incomeTaxExpense": "578000000",
            "interestAndDebtExpense": "523000000",
            "netIncomeFromContinuingOperations": "1402000000",
            "comprehensiveIncomeNetOfTax": "1070000000",
            "ebit": "2888000000",
            "ebitda": "2061000000",
            "netIncome": "1062000000"
        },
        {
            "fiscalDateEnding": "2020-12-31",
            "reportedCurrency": "USD",
            "grossProfit": "-645000000",
            "totalRevenue": "4308000000",
            "costOfRevenue": "4953000000",
            "costofGoodsAndServicesSold": "3530000000",
            "operatingIncome": "-4102000000",
            "sellingGeneralAndAdministrative": "290000000",
            "researchAndDevelopment": "None",
            "operatingExpenses": "8537000000",
            "investmentIncomeNet": "7000000",
            "netInterestIncome": "-255000000",
            "interestIncome": "7000000",
            "interestExpense": "255000000",
            "nonInterestIncome": "-31000000",
            "otherNonOperatingIncome": "64000000",
            "depreciation": "None",
            "depreciationAndAmortization": "2000000",
            "incomeBeforeTax": "-4796000000",
            "incomeTaxExpense": "64000000",
            "interestAndDebtExpense": "95000000",
            "netIncomeFromContinuingOperations": "-4904000000",
            "comprehensiveIncomeNetOfTax": "-4862000000",
            "ebit": "-4102000000",
            "ebitda": "-4539000000",
            "netIncome": "-4860000000"
        },
        {
            "fiscalDateEnding": "2019-12-31",
            "reportedCurrency": "USD",
            "grossProfit": "2593000000",
            "totalRevenue": "6553000000",
            "costOfRevenue": "3818000000",
            "costofGoodsAndServicesSold": "306000000",
            "operatingIncome": "-2152000000",
            "sellingGeneralAndAdministrative": "406000000",
            "researchAndDevelopment": "None",
            "operatingExpenses": "8643000000",
            "investmentIncomeNet": "13000000",
            "netInterestIncome": "-425000000",
            "interestIncome": "13000000",
            "interestExpense": "425000000",
            "nonInterestIncome": "12322000000",
            "otherNonOperatingIncome": "54000000",
            "depreciation": "None",
            "depreciationAndAmortization": "7000000",
            "incomeBeforeTax": "-2879000000",
            "incomeTaxExpense": "674000000",
            "interestAndDebtExpense": "500000000",
            "netIncomeFromContinuingOperations": "-3682000000",
            "comprehensiveIncomeNetOfTax": "-3541000000",
            "ebit": "-2152000000",
            "ebitda": "-2447000000",
            "netIncome": "-3553000000"
        },
        {
            "fiscalDateEnding": "2018-12-31",
            "reportedCurrency": "USD",
            "grossProfit": "5998000000",
            "totalRevenue": "7764000000",
            "costOfRevenue": "1426000000",
            "costofGoodsAndServicesSold": "348000000",
            "operatingIncome": "1836000000",
            "sellingGeneralAndAdministrative": "431000000",
            "researchAndDevelopment": "None",
            "operatingExpenses": "5869000000",
            "investmentIncomeNet": "22000000",
            "netInterestIncome": "-434000000",
            "interestIncome": "22000000",
            "interestExpense": "434000000",
            "nonInterestIncome": "14359000000",
            "otherNonOperatingIncome": "53000000",
            "depreciation": "None",
            "depreciationAndAmortization": "140000000",
            "incomeBeforeTax": "958000000",
            "incomeTaxExpense": "672000000",
            "interestAndDebtExpense": "528000000",
            "netIncomeFromContinuingOperations": "40000000",
            "comprehensiveIncomeNetOfTax": "40000000",
            "ebit": "1836000000",
            "ebitda": "1249000000",
            "netIncome": "286000000"
        }
    ],
    "quarterlyReports": [
        {
            "fiscalDateEnding": "2022-12-31",
            "reportedCurrency": "USD",
            "grossProfit": "-244000000",
            "totalRevenue": "2472000000",
            "costOfRevenue": "201000000",
            "costofGoodsAndServicesSold": "995000000",
            "operatingIncome": "1150000000",
            "sellingGeneralAndAdministrative": "164000000",
            "researchAndDevelopment": "None",
            "operatingExpenses": "1224000000",
            "investmentIncomeNet": "0",
            "netInterestIncome": "-74000000",
            "interestIncome": "2000000",
            "interestExpense": "74000000",
            "nonInterestIncome": "31000000",
            "otherNonOperatingIncome": "40000000",
            "depreciation": "None",
            "depreciationAndAmortization": "664000000",
            "incomeBeforeTax": "686000000",
            "incomeTaxExpense": "257000000",
            "interestAndDebtExpense": "74000000",
            "netIncomeFromContinuingOperations": "582000000",
            "comprehensiveIncomeNetOfTax": "422000000",
            "ebit": "1150000000",
            "ebitda": "1450000000",
            "netIncome": "429000000"
        },
        {
            "fiscalDateEnding": "2022-09-30",
            "reportedCurrency": "USD",
            "grossProfit": "-184000000",
            "totalRevenue": "2887000000",
            "costOfRevenue": "97000000",
            "costofGoodsAndServicesSold": "1346000000",
            "operatingIncome": "1326000000",
            "sellingGeneralAndAdministrative": "64000000",
            "researchAndDevelopment": "None",
            "operatingExpenses": "1467000000",
            "investmentIncomeNet": "4000000",
            "netInterestIncome": "-74000000",
            "interestIncome": "1000000",
            "interestExpense": "74000000",
            "nonInterestIncome": "-13000000",
            "otherNonOperatingIncome": "-10000000",
            "depreciation": "None",
            "depreciationAndAmortization": "310000000",
            "incomeBeforeTax": "1007000000",
            "incomeTaxExpense": "650000000",
            "interestAndDebtExpense": "74000000",
            "netIncomeFromContinuingOperations": "530000000",
            "comprehensiveIncomeNetOfTax": "357000000",
            "ebit": "1326000000",
            "ebitda": "1449000000",
            "netIncome": "357000000"
        },
        {
            "fiscalDateEnding": "2022-06-30",
            "reportedCurrency": "USD",
            "grossProfit": "-248000000",
            "totalRevenue": "3047000000",
            "costOfRevenue": "115000000",
            "costofGoodsAndServicesSold": "1259000000",
            "operatingIncome": "1666000000",
            "sellingGeneralAndAdministrative": "83000000",
            "researchAndDevelopment": "None",
            "operatingExpenses": "1381000000",
            "investmentIncomeNet": "1000000",
            "netInterestIncome": "-74000000",
            "interestIncome": "3000000",
            "interestExpense": "74000000",
            "nonInterestIncome": "-59000000",
            "otherNonOperatingIncome": "64000000",
            "depreciation": "None",
            "depreciationAndAmortization": "569000000",
            "incomeBeforeTax": "1297000000",
            "incomeTaxExpense": "394000000",
            "interestAndDebtExpense": "74000000",
            "netIncomeFromContinuingOperations": "1129000000",
            "comprehensiveIncomeNetOfTax": "903000000",
            "ebit": "1666000000",
            "ebitda": "1964000000",
            "netIncome": "903000000"
        },
        {
            "fiscalDateEnding": "2022-03-31",
            "reportedCurrency": "USD",
            "grossProfit": "1939000000",
            "totalRevenue": "2133000000",
            "costOfRevenue": "194000000",
            "costofGoodsAndServicesSold": "1067000000",
            "operatingIncome": "1478000000",
            "sellingGeneralAndAdministrative": "151000000",
            "researchAndDevelopment": "None",
            "operatingExpenses": "1191000000",
            "investmentIncomeNet": "4000000",
            "netInterestIncome": "-90000000",
            "interestIncome": "4000000",
            "interestExpense": "90000000",
            "nonInterestIncome": "1047000000",
            "otherNonOperatingIncome": "45000000",
            "depreciation": "None",
            "depreciationAndAmortization": "291000000",
            "incomeBeforeTax": "2198000000",
            "incomeTaxExpense": "351000000",
            "interestAndDebtExpense": "157000000",
            "netIncomeFromContinuingOperations": "1981000000",
            "comprehensiveIncomeNetOfTax": "1846000000",
            "ebit": "1478000000",
            "ebitda": "2543000000",
            "netIncome": "1847000000"
        },
        {
            "fiscalDateEnding": "2021-12-31",
            "reportedCurrency": "USD",
            "grossProfit": "-160000000",
            "totalRevenue": "2299000000",
            "costOfRevenue": "160000000",
            "costofGoodsAndServicesSold": "1187000000",
            "operatingIncome": "798000000",
            "sellingGeneralAndAdministrative": "131000000",
            "researchAndDevelopment": "None",
            "operatingExpenses": "1501000000",
            "investmentIncomeNet": "2000000",
            "netInterestIncome": "-95000000",
            "interestIncome": "2000000",
            "interestExpense": "95000000",
            "nonInterestIncome": "51000000",
            "otherNonOperatingIncome": "53000000",
            "depreciation": "None",
            "depreciationAndAmortization": "332000000",
            "incomeBeforeTax": "575000000",
            "incomeTaxExpense": "166000000",
            "interestAndDebtExpense": "95000000",
            "netIncomeFromContinuingOperations": "-320000000",
            "comprehensiveIncomeNetOfTax": "416000000",
            "ebit": "798000000",
            "ebitda": "1064000000",
            "netIncome": "409000000"
        },
        {
            "fiscalDateEnding": "2021-09-30",
            "reportedCurrency": "USD",
            "grossProfit": "-324000000",
            "totalRevenue": "2059000000",
            "costOfRevenue": "115000000",
            "costofGoodsAndServicesSold": "1115000000",
            "operatingIncome": "822000000",
            "sellingGeneralAndAdministrative": "64000000",
            "researchAndDevelopment": "None",
            "operatingExpenses": "1237000000",
            "investmentIncomeNet": "1000000",
            "netInterestIncome": "-102000000",
            "interestIncome": "1000000",
            "interestExpense": "102000000",
            "nonInterestIncome": "-107000000",
            "otherNonOperatingIncome": "40000000",
            "depreciation": "None",
            "depreciationAndAmortization": "335000000",
            "incomeBeforeTax": "71000000",
            "incomeTaxExpense": "154000000",
            "interestAndDebtExpense": "207000000",
            "netIncomeFromContinuingOperations": "33000000",
            "comprehensiveIncomeNetOfTax": "-83000000",
            "ebit": "822000000",
            "ebitda": "504000000",
            "netIncome": "-83000000"
        },
        {
            "fiscalDateEnding": "2021-06-30",
            "reportedCurrency": "USD",
            "grossProfit": "-268000000",
            "totalRevenue": "1756000000",
            "costOfRevenue": "111000000",
            "costofGoodsAndServicesSold": "985000000",
            "operatingIncome": "673000000",
            "sellingGeneralAndAdministrative": "79000000",
            "researchAndDevelopment": "None",
            "operatingExpenses": "1083000000",
            "investmentIncomeNet": "3000000",
            "netInterestIncome": "-110000000",
            "interestIncome": "3000000",
            "interestExpense": "110000000",
            "nonInterestIncome": "-47000000",
            "otherNonOperatingIncome": "74000000",
            "depreciation": "None",
            "depreciationAndAmortization": "351000000",
            "incomeBeforeTax": "430000000",
            "incomeTaxExpense": "91000000",
            "interestAndDebtExpense": "109000000",
            "netIncomeFromContinuingOperations": "431000000",
            "comprehensiveIncomeNetOfTax": "339000000",
            "ebit": "673000000",
            "ebitda": "886000000",
            "netIncome": "339000000"
        },
        {
            "fiscalDateEnding": "2021-03-31",
            "reportedCurrency": "USD",
            "grossProfit": "-61000000",
            "totalRevenue": "50000000",
            "costOfRevenue": "111000000",
            "costofGoodsAndServicesSold": "5000000",
            "operatingIncome": "595000000",
            "sellingGeneralAndAdministrative": "83000000",
            "researchAndDevelopment": "None",
            "operatingExpenses": "1276000000",
            "investmentIncomeNet": "2000000",
            "netInterestIncome": "-112000000",
            "interestIncome": "2000000",
            "interestExpense": "112000000",
            "nonInterestIncome": "160000000",
            "otherNonOperatingIncome": "61000000",
            "depreciation": "None",
            "depreciationAndAmortization": "None",
            "incomeBeforeTax": "564000000",
            "incomeTaxExpense": "167000000",
            "interestAndDebtExpense": "112000000",
            "netIncomeFromContinuingOperations": "480000000",
            "comprehensiveIncomeNetOfTax": "398000000",
            "ebit": "595000000",
            "ebitda": "687000000",
            "netIncome": "397000000"
        },
        {
            "fiscalDateEnding": "2020-12-31",
            "reportedCurrency": "USD",
            "grossProfit": "1173000000",
            "totalRevenue": "1289000000",
            "costOfRevenue": "116000000",
            "costofGoodsAndServicesSold": "877000000",
            "operatingIncome": "185000000",
            "sellingGeneralAndAdministrative": "76000000",
            "researchAndDevelopment": "None",
            "operatingExpenses": "1034000000",
            "investmentIncomeNet": "3000000",
            "netInterestIncome": "63000000",
            "interestIncome": "3000000",
            "interestExpense": "-63000000",
            "nonInterestIncome": "55000000",
            "otherNonOperatingIncome": "23000000",
            "depreciation": "None",
            "depreciationAndAmortization": "-4000000",
            "incomeBeforeTax": "25000000",
            "incomeTaxExpense": "15000000",
            "interestAndDebtExpense": "-71000000",
            "netIncomeFromContinuingOperations": "55000000",
            "comprehensiveIncomeNetOfTax": "8000000",
            "ebit": "185000000",
            "ebitda": "-42000000",
            "netIncome": "10000000"
        },
        {
            "fiscalDateEnding": "2020-09-30",
            "reportedCurrency": "USD",
            "grossProfit": "1056000000",
            "totalRevenue": "1144000000",
            "costOfRevenue": "88000000",
            "costofGoodsAndServicesSold": "795000000",
            "operatingIncome": "206000000",
            "sellingGeneralAndAdministrative": "52000000",
            "researchAndDevelopment": "None",
            "operatingExpenses": "914000000",
            "investmentIncomeNet": "1000000",
            "netInterestIncome": "-110000000",
            "interestIncome": "1000000",
            "interestExpense": "110000000",
            "nonInterestIncome": "27000000",
            "otherNonOperatingIncome": "9000000",
            "depreciation": "None",
            "depreciationAndAmortization": "2000000",
            "incomeBeforeTax": "27000000",
            "incomeTaxExpense": "31000000",
            "interestAndDebtExpense": "98000000",
            "netIncomeFromContinuingOperations": "41000000",
            "comprehensiveIncomeNetOfTax": "-3000000",
            "ebit": "206000000",
            "ebitda": "139000000",
            "netIncome": "-4000000"
        },
        {
            "fiscalDateEnding": "2020-06-30",
            "reportedCurrency": "USD",
            "grossProfit": "443000000",
            "totalRevenue": "596000000",
            "costOfRevenue": "153000000",
            "costofGoodsAndServicesSold": "800000000",
            "operatingIncome": "-190000000",
            "sellingGeneralAndAdministrative": "94000000",
            "researchAndDevelopment": "None",
            "operatingExpenses": "942000000",
            "investmentIncomeNet": "1000000",
            "netInterestIncome": "-105000000",
            "interestIncome": "1000000",
            "interestExpense": "105000000",
            "nonInterestIncome": "-35000000",
            "otherNonOperatingIncome": "19000000",
            "depreciation": "None",
            "depreciationAndAmortization": "2000000",
            "incomeBeforeTax": "-424000000",
            "incomeTaxExpense": "-38000000",
            "interestAndDebtExpense": "-35000000",
            "netIncomeFromContinuingOperations": "-378000000",
            "comprehensiveIncomeNetOfTax": "-386000000",
            "ebit": "-190000000",
            "ebitda": "-317000000",
            "netIncome": "-386000000"
        },
        {
            "fiscalDateEnding": "2020-03-31",
            "reportedCurrency": "USD",
            "grossProfit": "-3350000000",
            "totalRevenue": "1279000000",
            "costOfRevenue": "4629000000",
            "costofGoodsAndServicesSold": "5000000",
            "operatingIncome": "-4303000000",
            "sellingGeneralAndAdministrative": "68000000",
            "researchAndDevelopment": "None",
            "operatingExpenses": "5647000000",
            "investmentIncomeNet": "2000000",
            "netInterestIncome": "-103000000",
            "interestIncome": "2000000",
            "interestExpense": "103000000",
            "nonInterestIncome": "-78000000",
            "otherNonOperatingIncome": "13000000",
            "depreciation": "None",
            "depreciationAndAmortization": "2000000",
            "incomeBeforeTax": "-4424000000",
            "incomeTaxExpense": "56000000",
            "interestAndDebtExpense": "103000000",
            "netIncomeFromContinuingOperations": "-4622000000",
            "comprehensiveIncomeNetOfTax": "-4481000000",
            "ebit": "-4303000000",
            "ebitda": "-4319000000",
            "netIncome": "-4480000000"
        },
        {
            "fiscalDateEnding": "2019-12-31",
            "reportedCurrency": "USD",
            "grossProfit": "225000000",
            "totalRevenue": "1625000000",
            "costOfRevenue": "1400000000",
            "costofGoodsAndServicesSold": "76000000",
            "operatingIncome": "-2893000000",
            "sellingGeneralAndAdministrative": "83000000",
            "researchAndDevelopment": "None",
            "operatingExpenses": "4600000000",
            "investmentIncomeNet": "1000000",
            "netInterestIncome": "-60000000",
            "interestIncome": "1000000",
            "interestExpense": "60000000",
            "nonInterestIncome": "3313000000",
            "otherNonOperatingIncome": "21000000",
            "depreciation": "None",
            "depreciationAndAmortization": "2000000",
            "incomeBeforeTax": "-2906000000",
            "incomeTaxExpense": "212000000",
            "interestAndDebtExpense": "60000000",
            "netIncomeFromContinuingOperations": "-3035000000",
            "comprehensiveIncomeNetOfTax": "-2963000000",
            "ebit": "-2893000000",
            "ebitda": "-2844000000",
            "netIncome": "-3118000000"
        },
        {
            "fiscalDateEnding": "2019-09-30",
            "reportedCurrency": "USD",
            "grossProfit": "1268000000",
            "totalRevenue": "1500000000",
            "costOfRevenue": "209000000",
            "costofGoodsAndServicesSold": "66000000",
            "operatingIncome": "182000000",
            "sellingGeneralAndAdministrative": "98000000",
            "researchAndDevelopment": "None",
            "operatingExpenses": "1286000000",
            "investmentIncomeNet": "5000000",
            "netInterestIncome": "-95000000",
            "interestIncome": "5000000",
            "interestExpense": "95000000",
            "nonInterestIncome": "2797000000",
            "otherNonOperatingIncome": "34000000",
            "depreciation": "None",
            "depreciationAndAmortization": "2000000",
            "incomeBeforeTax": "14000000",
            "incomeTaxExpense": "131000000",
            "interestAndDebtExpense": "95000000",
            "netIncomeFromContinuingOperations": "-117000000",
            "comprehensiveIncomeNetOfTax": "-171000000",
            "ebit": "182000000",
            "ebitda": "111000000",
            "netIncome": "-117000000"
        },
        {
            "fiscalDateEnding": "2019-06-30",
            "reportedCurrency": "USD",
            "grossProfit": "1152000000",
            "totalRevenue": "1618000000",
            "costOfRevenue": "451000000",
            "costofGoodsAndServicesSold": "76000000",
            "operatingIncome": "127000000",
            "sellingGeneralAndAdministrative": "102000000",
            "researchAndDevelopment": "None",
            "operatingExpenses": "1489000000",
            "investmentIncomeNet": "3000000",
            "netInterestIncome": "-173000000",
            "interestIncome": "3000000",
            "interestExpense": "173000000",
            "nonInterestIncome": "3028000000",
            "otherNonOperatingIncome": "-7000000",
            "depreciation": "None",
            "depreciationAndAmortization": "1000000",
            "incomeBeforeTax": "-152000000",
            "incomeTaxExpense": "164000000",
            "interestAndDebtExpense": "248000000",
            "netIncomeFromContinuingOperations": "-316000000",
            "comprehensiveIncomeNetOfTax": "-360000000",
            "ebit": "127000000",
            "ebitda": "22000000",
            "netIncome": "-316000000"
        },
        {
            "fiscalDateEnding": "2019-03-31",
            "reportedCurrency": "USD",
            "grossProfit": "1391000000",
            "totalRevenue": "1657000000",
            "costOfRevenue": "244000000",
            "costofGoodsAndServicesSold": "88000000",
            "operatingIncome": "410000000",
            "sellingGeneralAndAdministrative": "123000000",
            "researchAndDevelopment": "None",
            "operatingExpenses": "1268000000",
            "investmentIncomeNet": "4000000",
            "netInterestIncome": "-97000000",
            "interestIncome": "127000000",
            "interestExpense": "97000000",
            "nonInterestIncome": "3227000000",
            "otherNonOperatingIncome": "6000000",
            "depreciation": "None",
            "depreciationAndAmortization": "2000000",
            "incomeBeforeTax": "165000000",
            "incomeTaxExpense": "167000000",
            "interestAndDebtExpense": "97000000",
            "netIncomeFromContinuingOperations": "-2000000",
            "comprehensiveIncomeNetOfTax": "-47000000",
            "ebit": "410000000",
            "ebitda": "264000000",
            "netIncome": "-2000000"
        },
        {
            "fiscalDateEnding": "2018-12-31",
            "reportedCurrency": "USD",
            "grossProfit": "1064000000",
            "totalRevenue": "1703000000",
            "costOfRevenue": "639000000",
            "costofGoodsAndServicesSold": "88000000",
            "operatingIncome": "-204000000",
            "sellingGeneralAndAdministrative": "101000000",
            "researchAndDevelopment": "None",
            "operatingExpenses": "2247000000",
            "investmentIncomeNet": "6000000",
            "netInterestIncome": "-49000000",
            "interestIncome": "None",
            "interestExpense": "49000000",
            "nonInterestIncome": "13000000",
            "otherNonOperatingIncome": "3000000",
            "depreciation": "None",
            "depreciationAndAmortization": "35000000",
            "incomeBeforeTax": "-344000000",
            "incomeTaxExpense": "6000000",
            "interestAndDebtExpense": "49000000",
            "netIncomeFromContinuingOperations": "-596000000",
            "comprehensiveIncomeNetOfTax": "-381000000",
            "ebit": "-204000000",
            "ebitda": "-242000000",
            "netIncome": "-350000000"
        },
        {
            "fiscalDateEnding": "2018-09-30",
            "reportedCurrency": "USD",
            "grossProfit": "1745000000",
            "totalRevenue": "1976000000",
            "costOfRevenue": "238000000",
            "costofGoodsAndServicesSold": "92000000",
            "operatingIncome": "698000000",
            "sellingGeneralAndAdministrative": "99000000",
            "researchAndDevelopment": "None",
            "operatingExpenses": "1278000000",
            "investmentIncomeNet": "6000000",
            "netInterestIncome": "-192000000",
            "interestIncome": "None",
            "interestExpense": "192000000",
            "nonInterestIncome": "3760000000",
            "otherNonOperatingIncome": "29000000",
            "depreciation": "None",
            "depreciationAndAmortization": "2000000",
            "incomeBeforeTax": "326000000",
            "incomeTaxExpense": "245000000",
            "interestAndDebtExpense": "286000000",
            "netIncomeFromContinuingOperations": "161000000",
            "comprehensiveIncomeNetOfTax": "81000000",
            "ebit": "698000000",
            "ebitda": "520000000",
            "netIncome": "81000000"
        },
        {
            "fiscalDateEnding": "2018-06-30",
            "reportedCurrency": "USD",
            "grossProfit": "1690000000",
            "totalRevenue": "1936000000",
            "costOfRevenue": "239000000",
            "costofGoodsAndServicesSold": "82000000",
            "operatingIncome": "738000000",
            "sellingGeneralAndAdministrative": "117000000",
            "researchAndDevelopment": "None",
            "operatingExpenses": "1198000000",
            "investmentIncomeNet": "4000000",
            "netInterestIncome": "-94000000",
            "interestIncome": "None",
            "interestExpense": "94000000",
            "nonInterestIncome": "3838000000",
            "otherNonOperatingIncome": "16000000",
            "depreciation": "None",
            "depreciationAndAmortization": "1000000",
            "incomeBeforeTax": "434000000",
            "incomeTaxExpense": "239000000",
            "interestAndDebtExpense": "94000000",
            "netIncomeFromContinuingOperations": "269000000",
            "comprehensiveIncomeNetOfTax": "195000000",
            "ebit": "738000000",
            "ebitda": "529000000",
            "netIncome": "195000000"
        },
        {
            "fiscalDateEnding": "2018-03-31",
            "reportedCurrency": "USD",
            "grossProfit": "2670000000",
            "totalRevenue": "1733000000",
            "costOfRevenue": "680000000",
            "costofGoodsAndServicesSold": "86000000",
            "operatingIncome": "587000000",
            "sellingGeneralAndAdministrative": "114000000",
            "researchAndDevelopment": "None",
            "operatingExpenses": "1146000000",
            "investmentIncomeNet": "6000000",
            "netInterestIncome": "-99000000",
            "interestIncome": "None",
            "interestExpense": "99000000",
            "nonInterestIncome": "1707000000",
            "otherNonOperatingIncome": "5000000",
            "depreciation": "None",
            "depreciationAndAmortization": "5000000",
            "incomeBeforeTax": "327000000",
            "incomeTaxExpense": "182000000",
            "interestAndDebtExpense": "99000000",
            "netIncomeFromContinuingOperations": "206000000",
            "comprehensiveIncomeNetOfTax": "145000000",
            "ebit": "587000000",
            "ebitda": "431000000",
            "netIncome": "145000000"
        }
    ]
}