{
    "symbol": "AXON",
    "annualReports": [
        {
            "fiscalDateEnding": "2022-12-31",
            "reportedCurrency": "USD",
            "grossProfit": "728638000",
            "totalRevenue": "1185748000",
            "costOfRevenue": "872172000",
            "costofGoodsAndServicesSold": "461297000",
            "operatingIncome": "93253000",
            "sellingGeneralAndAdministrative": "401575000",
            "researchAndDevelopment": "233810000",
            "operatingExpenses": "635385000",
            "investmentIncomeNet": "None",
            "netInterestIncome": "1265000",
            "interestIncome": "103265000",
            "interestExpense": "-1265000",
            "nonInterestIncome": "1184483000",
            "otherNonOperatingIncome": "None",
            "depreciation": "20400000",
            "depreciationAndAmortization": "4000000",
            "incomeBeforeTax": "196518000",
            "incomeTaxExpense": "49379000",
            "interestAndDebtExpense": "-1265000",
            "netIncomeFromContinuingOperations": "147139000",
            "comprehensiveIncomeNetOfTax": "141277000",
            "ebit": "93253000",
            "ebitda": "199253000",
            "netIncome": "147139000"
        },
        {
            "fiscalDateEnding": "2021-12-31",
            "reportedCurrency": "USD",
            "grossProfit": "540910000",
            "totalRevenue": "858072000",
            "costOfRevenue": "840378000",
            "costofGoodsAndServicesSold": "322471000",
            "operatingIncome": "-168123000",
            "sellingGeneralAndAdministrative": "515007000",
            "researchAndDevelopment": "194026000",
            "operatingExpenses": "709033000",
            "investmentIncomeNet": "None",
            "netInterestIncome": "-5217000",
            "interestIncome": "26748000",
            "interestExpense": "5217000",
            "nonInterestIncome": "863289000",
            "otherNonOperatingIncome": "None",
            "depreciation": "15800000",
            "depreciationAndAmortization": "2900000",
            "incomeBeforeTax": "-141375000",
            "incomeTaxExpense": "-81357000",
            "interestAndDebtExpense": "5217000",
            "netIncomeFromContinuingOperations": "-60018000",
            "comprehensiveIncomeNetOfTax": "-61476000",
            "ebit": "-168123000",
            "ebitda": "-133258000",
            "netIncome": "-60018000"
        },
        {
            "fiscalDateEnding": "2020-12-31",
            "reportedCurrency": "USD",
            "grossProfit": "416331000",
            "totalRevenue": "679336000",
            "costOfRevenue": "575258000",
            "costofGoodsAndServicesSold": "264672000",
            "operatingIncome": "-14150000",
            "sellingGeneralAndAdministrative": "307286000",
            "researchAndDevelopment": "123195000",
            "operatingExpenses": "430481000",
            "investmentIncomeNet": "None",
            "netInterestIncome": "-3345000",
            "interestIncome": "7859000",
            "interestExpense": "3345000",
            "nonInterestIncome": "679281000",
            "otherNonOperatingIncome": "None",
            "depreciation": "9200000",
            "depreciationAndAmortization": "3300000",
            "incomeBeforeTax": "-6291000",
            "incomeTaxExpense": "-4567000",
            "interestAndDebtExpense": "3345000",
            "netIncomeFromContinuingOperations": "-1724000",
            "comprehensiveIncomeNetOfTax": "-487000",
            "ebit": "-14150000",
            "ebitda": "354000",
            "netIncome": "-1724000"
        },
        {
            "fiscalDateEnding": "2019-12-31",
            "reportedCurrency": "USD",
            "grossProfit": "307286000",
            "totalRevenue": "528619000",
            "costOfRevenue": "440033000",
            "costofGoodsAndServicesSold": "223574000",
            "operatingIncome": "-6394000",
            "sellingGeneralAndAdministrative": "212959000",
            "researchAndDevelopment": "100721000",
            "operatingExpenses": "313680000",
            "investmentIncomeNet": "None",
            "netInterestIncome": "-361000",
            "interestIncome": "8464000",
            "interestExpense": "361000",
            "nonInterestIncome": "528318000",
            "otherNonOperatingIncome": "None",
            "depreciation": "7900000",
            "depreciationAndAmortization": "3500000",
            "incomeBeforeTax": "2070000",
            "incomeTaxExpense": "1188000",
            "interestAndDebtExpense": "361000",
            "netIncomeFromContinuingOperations": "882000",
            "comprehensiveIncomeNetOfTax": "1299000",
            "ebit": "-6394000",
            "ebitda": "5931000",
            "netIncome": "882000"
        },
        {
            "fiscalDateEnding": "2018-12-31",
            "reportedCurrency": "USD",
            "grossProfit": "258583000",
            "totalRevenue": "419731000",
            "costOfRevenue": "326071000",
            "costofGoodsAndServicesSold": "161485000",
            "operatingIncome": "24841000",
            "sellingGeneralAndAdministrative": "156886000",
            "researchAndDevelopment": "76856000",
            "operatingExpenses": "233742000",
            "investmentIncomeNet": "None",
            "netInterestIncome": "-34000",
            "interestIncome": "3263000",
            "interestExpense": "34000",
            "nonInterestIncome": "419765000",
            "otherNonOperatingIncome": "None",
            "depreciation": "4900000",
            "depreciationAndAmortization": "5700000",
            "incomeBeforeTax": "28104000",
            "incomeTaxExpense": "-1101000",
            "interestAndDebtExpense": "34000",
            "netIncomeFromContinuingOperations": "29205000",
            "comprehensiveIncomeNetOfTax": "29159000",
            "ebit": "24841000",
            "ebitda": "33838000",
            "netIncome": "29205000"
        }
    ],
    "quarterlyReports": [
        {
            "fiscalDateEnding": "2022-12-31",
            "reportedCurrency": "USD",
            "grossProfit": "205679000",
            "totalRevenue": "333858000",
            "costOfRevenue": "254181000",
            "costofGoodsAndServicesSold": "130463000",
            "operatingIncome": "22541000",
            "sellingGeneralAndAdministrative": "114418000",
            "researchAndDevelopment": "68720000",
            "operatingExpenses": "183138000",
            "investmentIncomeNet": "None",
            "netInterestIncome": "1204000",
            "interestIncome": "None",
            "interestExpense": "-1204000",
            "nonInterestIncome": "332654000",
            "otherNonOperatingIncome": "None",
            "depreciation": "None",
            "depreciationAndAmortization": "30588000",
            "incomeBeforeTax": "34730000",
            "incomeTaxExpense": "5555000",
            "interestAndDebtExpense": "-1204000",
            "netIncomeFromContinuingOperations": "29175000",
            "comprehensiveIncomeNetOfTax": "29802000",
            "ebit": "22541000",
            "ebitda": "53129000",
            "netIncome": "29175000"
        },
        {
            "fiscalDateEnding": "2022-09-30",
            "reportedCurrency": "USD",
            "grossProfit": "193257000",
            "totalRevenue": "311754000",
            "costOfRevenue": "220520000",
            "costofGoodsAndServicesSold": "118497000",
            "operatingIncome": "32107000",
            "sellingGeneralAndAdministrative": "102023000",
            "researchAndDevelopment": "59127000",
            "operatingExpenses": "161150000",
            "investmentIncomeNet": "None",
            "netInterestIncome": "362000",
            "interestIncome": "None",
            "interestExpense": "-362000",
            "nonInterestIncome": "311754000",
            "otherNonOperatingIncome": "None",
            "depreciation": "None",
            "depreciationAndAmortization": "-5043000",
            "incomeBeforeTax": "20858000",
            "incomeTaxExpense": "8727000",
            "interestAndDebtExpense": "-362000",
            "netIncomeFromContinuingOperations": "12131000",
            "comprehensiveIncomeNetOfTax": "9530000",
            "ebit": "32107000",
            "ebitda": "27064000",
            "netIncome": "12131000"
        },
        {
            "fiscalDateEnding": "2022-06-30",
            "reportedCurrency": "USD",
            "grossProfit": "173963000",
            "totalRevenue": "285613000",
            "costOfRevenue": "206655000",
            "costofGoodsAndServicesSold": "111650000",
            "operatingIncome": "21411000",
            "sellingGeneralAndAdministrative": "95005000",
            "researchAndDevelopment": "57547000",
            "operatingExpenses": "152552000",
            "investmentIncomeNet": "None",
            "netInterestIncome": "-142000",
            "interestIncome": "47026000",
            "interestExpense": "142000",
            "nonInterestIncome": "285613000",
            "otherNonOperatingIncome": "None",
            "depreciation": "None",
            "depreciationAndAmortization": "53236000",
            "incomeBeforeTax": "68437000",
            "incomeTaxExpense": "17475000",
            "interestAndDebtExpense": "142000",
            "netIncomeFromContinuingOperations": "50962000",
            "comprehensiveIncomeNetOfTax": "48635000",
            "ebit": "21411000",
            "ebitda": "74647000",
            "netIncome": "50962000"
        },
        {
            "fiscalDateEnding": "2022-03-31",
            "reportedCurrency": "USD",
            "grossProfit": "155739000",
            "totalRevenue": "256161000",
            "costOfRevenue": "190816000",
            "costofGoodsAndServicesSold": "100687000",
            "operatingIncome": "17194000",
            "sellingGeneralAndAdministrative": "90129000",
            "researchAndDevelopment": "48416000",
            "operatingExpenses": "138545000",
            "investmentIncomeNet": "None",
            "netInterestIncome": "-159000",
            "interestIncome": "None",
            "interestExpense": "159000",
            "nonInterestIncome": "256320000",
            "otherNonOperatingIncome": "None",
            "depreciation": "None",
            "depreciationAndAmortization": "61054000",
            "incomeBeforeTax": "72493000",
            "incomeTaxExpense": "17622000",
            "interestAndDebtExpense": "159000",
            "netIncomeFromContinuingOperations": "54871000",
            "comprehensiveIncomeNetOfTax": "53310000",
            "ebit": "17194000",
            "ebitda": "78248000",
            "netIncome": "54871000"
        },
        {
            "fiscalDateEnding": "2021-12-31",
            "reportedCurrency": "USD",
            "grossProfit": "135061000",
            "totalRevenue": "216949000",
            "costOfRevenue": "196870000",
            "costofGoodsAndServicesSold": "82517000",
            "operatingIncome": "-27066000",
            "sellingGeneralAndAdministrative": "111453000",
            "researchAndDevelopment": "50674000",
            "operatingExpenses": "162127000",
            "investmentIncomeNet": "None",
            "netInterestIncome": "-611000",
            "interestIncome": "10148000",
            "interestExpense": "611000",
            "nonInterestIncome": "217560000",
            "otherNonOperatingIncome": "None",
            "depreciation": "None",
            "depreciationAndAmortization": "5274000",
            "incomeBeforeTax": "-37214000",
            "incomeTaxExpense": "-23706000",
            "interestAndDebtExpense": "611000",
            "netIncomeFromContinuingOperations": "-13508000",
            "comprehensiveIncomeNetOfTax": "-13805000",
            "ebit": "-27066000",
            "ebitda": "-31940000",
            "netIncome": "-13508000"
        },
        {
            "fiscalDateEnding": "2021-09-30",
            "reportedCurrency": "USD",
            "grossProfit": "144567000",
            "totalRevenue": "231989000",
            "costOfRevenue": "186717000",
            "costofGoodsAndServicesSold": "87422000",
            "operatingIncome": "2890000",
            "sellingGeneralAndAdministrative": "99295000",
            "researchAndDevelopment": "42382000",
            "operatingExpenses": "141677000",
            "investmentIncomeNet": "None",
            "netInterestIncome": "-1496000",
            "interestIncome": "None",
            "interestExpense": "1496000",
            "nonInterestIncome": "231989000",
            "otherNonOperatingIncome": "None",
            "depreciation": "None",
            "depreciationAndAmortization": "4838000",
            "incomeBeforeTax": "-2640000",
            "incomeTaxExpense": "-51164000",
            "interestAndDebtExpense": "1496000",
            "netIncomeFromContinuingOperations": "48524000",
            "comprehensiveIncomeNetOfTax": "47731000",
            "ebit": "2890000",
            "ebitda": "7728000",
            "netIncome": "48524000"
        },
        {
            "fiscalDateEnding": "2021-06-30",
            "reportedCurrency": "USD",
            "grossProfit": "137929000",
            "totalRevenue": "218795000",
            "costOfRevenue": "258528000",
            "costofGoodsAndServicesSold": "80866000",
            "operatingIncome": "-93685000",
            "sellingGeneralAndAdministrative": "177662000",
            "researchAndDevelopment": "53952000",
            "operatingExpenses": "231614000",
            "investmentIncomeNet": "None",
            "netInterestIncome": "-1606000",
            "interestIncome": "41841000",
            "interestExpense": "1606000",
            "nonInterestIncome": "218795000",
            "otherNonOperatingIncome": "None",
            "depreciation": "None",
            "depreciationAndAmortization": "4291000",
            "incomeBeforeTax": "-51844000",
            "incomeTaxExpense": "-4727000",
            "interestAndDebtExpense": "1606000",
            "netIncomeFromContinuingOperations": "-47117000",
            "comprehensiveIncomeNetOfTax": "-47486000",
            "ebit": "-93685000",
            "ebitda": "-47553000",
            "netIncome": "-47117000"
        },
        {
            "fiscalDateEnding": "2021-03-31",
            "reportedCurrency": "USD",
            "grossProfit": "123353000",
            "totalRevenue": "194974000",
            "costOfRevenue": "198263000",
            "costofGoodsAndServicesSold": "71666000",
            "operatingIncome": "-50262000",
            "sellingGeneralAndAdministrative": "126597000",
            "researchAndDevelopment": "47018000",
            "operatingExpenses": "173615000",
            "investmentIncomeNet": "None",
            "netInterestIncome": "-1504000",
            "interestIncome": "None",
            "interestExpense": "1504000",
            "nonInterestIncome": "194974000",
            "otherNonOperatingIncome": "None",
            "depreciation": "None",
            "depreciationAndAmortization": "4291000",
            "incomeBeforeTax": "-49677000",
            "incomeTaxExpense": "-1760000",
            "interestAndDebtExpense": "1504000",
            "netIncomeFromContinuingOperations": "-47917000",
            "comprehensiveIncomeNetOfTax": "-47916000",
            "ebit": "-50262000",
            "ebitda": "-45386000",
            "netIncome": "-47917000"
        },
        {
            "fiscalDateEnding": "2020-12-31",
            "reportedCurrency": "USD",
            "grossProfit": "141306000",
            "totalRevenue": "225902000",
            "costOfRevenue": "183157000",
            "costofGoodsAndServicesSold": "84834000",
            "operatingIncome": "5775000",
            "sellingGeneralAndAdministrative": "97523000",
            "researchAndDevelopment": "38008000",
            "operatingExpenses": "135531000",
            "investmentIncomeNet": "None",
            "netInterestIncome": "-1515000",
            "interestIncome": "3265000",
            "interestExpense": "1515000",
            "nonInterestIncome": "225847000",
            "otherNonOperatingIncome": "None",
            "depreciation": "None",
            "depreciationAndAmortization": "800000",
            "incomeBeforeTax": "9040000",
            "incomeTaxExpense": "-16794000",
            "interestAndDebtExpense": "1515000",
            "netIncomeFromContinuingOperations": "25834000",
            "comprehensiveIncomeNetOfTax": "27527000",
            "ebit": "5775000",
            "ebitda": "11355000",
            "netIncome": "25834000"
        },
        {
            "fiscalDateEnding": "2020-09-30",
            "reportedCurrency": "USD",
            "grossProfit": "98240000",
            "totalRevenue": "166442000",
            "costOfRevenue": "143445000",
            "costofGoodsAndServicesSold": "68202000",
            "operatingIncome": "-5449000",
            "sellingGeneralAndAdministrative": "74443000",
            "researchAndDevelopment": "29246000",
            "operatingExpenses": "103689000",
            "investmentIncomeNet": "None",
            "netInterestIncome": "2040000",
            "interestIncome": "2040000",
            "interestExpense": "2040000",
            "nonInterestIncome": "166442000",
            "otherNonOperatingIncome": "None",
            "depreciation": "None",
            "depreciationAndAmortization": "800000",
            "incomeBeforeTax": "-3409000",
            "incomeTaxExpense": "-2536000",
            "interestAndDebtExpense": "None",
            "netIncomeFromContinuingOperations": "-873000",
            "comprehensiveIncomeNetOfTax": "365000",
            "ebit": "-5449000",
            "ebitda": "-4649000",
            "netIncome": "-873000"
        },
        {
            "fiscalDateEnding": "2020-06-30",
            "reportedCurrency": "USD",
            "grossProfit": "88177000",
            "totalRevenue": "141259000",
            "costOfRevenue": "126175000",
            "costofGoodsAndServicesSold": "53082000",
            "operatingIncome": "-13676000",
            "sellingGeneralAndAdministrative": "72293000",
            "researchAndDevelopment": "29560000",
            "operatingExpenses": "101853000",
            "investmentIncomeNet": "None",
            "netInterestIncome": "1613000",
            "interestIncome": "None",
            "interestExpense": "1613000",
            "nonInterestIncome": "141259000",
            "otherNonOperatingIncome": "None",
            "depreciation": "None",
            "depreciationAndAmortization": "800000",
            "incomeBeforeTax": "-12063000",
            "incomeTaxExpense": "18696000",
            "interestAndDebtExpense": "None",
            "netIncomeFromContinuingOperations": "-30759000",
            "comprehensiveIncomeNetOfTax": "-30081000",
            "ebit": "-13676000",
            "ebitda": "-12876000",
            "netIncome": "-30759000"
        },
        {
            "fiscalDateEnding": "2020-03-31",
            "reportedCurrency": "USD",
            "grossProfit": "88608000",
            "totalRevenue": "146645000",
            "costOfRevenue": "122381000",
            "costofGoodsAndServicesSold": "58554000",
            "operatingIncome": "-800000",
            "sellingGeneralAndAdministrative": "63027000",
            "researchAndDevelopment": "26381000",
            "operatingExpenses": "89408000",
            "investmentIncomeNet": "None",
            "netInterestIncome": "941000",
            "interestIncome": "941000",
            "interestExpense": "941000",
            "nonInterestIncome": "146645000",
            "otherNonOperatingIncome": "None",
            "depreciation": "None",
            "depreciationAndAmortization": "800000",
            "incomeBeforeTax": "141000",
            "incomeTaxExpense": "-3933000",
            "interestAndDebtExpense": "None",
            "netIncomeFromContinuingOperations": "4074000",
            "comprehensiveIncomeNetOfTax": "1702000",
            "ebit": "-800000",
            "ebitda": "3022000",
            "netIncome": "4074000"
        },
        {
            "fiscalDateEnding": "2019-12-31",
            "reportedCurrency": "USD",
            "grossProfit": "92640000",
            "totalRevenue": "171851000",
            "costOfRevenue": "158292000",
            "costofGoodsAndServicesSold": "79211000",
            "operatingIncome": "-14386000",
            "sellingGeneralAndAdministrative": "78281000",
            "researchAndDevelopment": "28745000",
            "operatingExpenses": "107026000",
            "investmentIncomeNet": "None",
            "netInterestIncome": "2486000",
            "interestIncome": "2486000",
            "interestExpense": "2486000",
            "nonInterestIncome": "171851000",
            "otherNonOperatingIncome": "None",
            "depreciation": "None",
            "depreciationAndAmortization": "800000",
            "incomeBeforeTax": "-11900000",
            "incomeTaxExpense": "479000",
            "interestAndDebtExpense": "None",
            "netIncomeFromContinuingOperations": "92640000",
            "comprehensiveIncomeNetOfTax": "-11677000",
            "ebit": "-14386000",
            "ebitda": "-13586000",
            "netIncome": "-12379000"
        },
        {
            "fiscalDateEnding": "2019-09-30",
            "reportedCurrency": "USD",
            "grossProfit": "80169000",
            "totalRevenue": "130919000",
            "costOfRevenue": "99892000",
            "costofGoodsAndServicesSold": "50668000",
            "operatingIncome": "6616000",
            "sellingGeneralAndAdministrative": "48424000",
            "researchAndDevelopment": "25129000",
            "operatingExpenses": "73553000",
            "investmentIncomeNet": "None",
            "netInterestIncome": "1820000",
            "interestIncome": "1820000",
            "interestExpense": "1820000",
            "nonInterestIncome": "130837000",
            "otherNonOperatingIncome": "None",
            "depreciation": "None",
            "depreciationAndAmortization": "800000",
            "incomeBeforeTax": "8436000",
            "incomeTaxExpense": "2332000",
            "interestAndDebtExpense": "None",
            "netIncomeFromContinuingOperations": "6104000",
            "comprehensiveIncomeNetOfTax": "5877000",
            "ebit": "6616000",
            "ebitda": "7416000",
            "netIncome": "6104000"
        },
        {
            "fiscalDateEnding": "2019-06-30",
            "reportedCurrency": "USD",
            "grossProfit": "65560000",
            "totalRevenue": "112457000",
            "costOfRevenue": "92364000",
            "costofGoodsAndServicesSold": "46802000",
            "operatingIncome": "-1295000",
            "sellingGeneralAndAdministrative": "43362000",
            "researchAndDevelopment": "23493000",
            "operatingExpenses": "66855000",
            "investmentIncomeNet": "None",
            "netInterestIncome": "1845000",
            "interestIncome": "1845000",
            "interestExpense": "1845000",
            "nonInterestIncome": "112362000",
            "otherNonOperatingIncome": "None",
            "depreciation": "None",
            "depreciationAndAmortization": "900000",
            "incomeBeforeTax": "550000",
            "incomeTaxExpense": "-188000",
            "interestAndDebtExpense": "None",
            "netIncomeFromContinuingOperations": "738000",
            "comprehensiveIncomeNetOfTax": "630000",
            "ebit": "-1295000",
            "ebitda": "-395000",
            "netIncome": "738000"
        },
        {
            "fiscalDateEnding": "2019-03-31",
            "reportedCurrency": "USD",
            "grossProfit": "68917000",
            "totalRevenue": "115568000",
            "costOfRevenue": "90785000",
            "costofGoodsAndServicesSold": "46893000",
            "operatingIncome": "2671000",
            "sellingGeneralAndAdministrative": "42892000",
            "researchAndDevelopment": "23354000",
            "operatingExpenses": "66246000",
            "investmentIncomeNet": "None",
            "netInterestIncome": "2313000",
            "interestIncome": "2313000",
            "interestExpense": "2313000",
            "nonInterestIncome": "115568000",
            "otherNonOperatingIncome": "None",
            "depreciation": "None",
            "depreciationAndAmortization": "1000000",
            "incomeBeforeTax": "4984000",
            "incomeTaxExpense": "-1435000",
            "interestAndDebtExpense": "None",
            "netIncomeFromContinuingOperations": "6419000",
            "comprehensiveIncomeNetOfTax": "6469000",
            "ebit": "2671000",
            "ebitda": "3671000",
            "netIncome": "6419000"
        },
        {
            "fiscalDateEnding": "2018-12-31",
            "reportedCurrency": "USD",
            "grossProfit": "65346000",
            "totalRevenue": "114791000",
            "costOfRevenue": "94644000",
            "costofGoodsAndServicesSold": "49445000",
            "operatingIncome": "1993000",
            "sellingGeneralAndAdministrative": "42099000",
            "researchAndDevelopment": "21254000",
            "operatingExpenses": "63353000",
            "investmentIncomeNet": "None",
            "netInterestIncome": "0",
            "interestIncome": "None",
            "interestExpense": "0",
            "nonInterestIncome": "114791000",
            "otherNonOperatingIncome": "None",
            "depreciation": "None",
            "depreciationAndAmortization": "1100000",
            "incomeBeforeTax": "3014000",
            "incomeTaxExpense": "931000",
            "interestAndDebtExpense": "0",
            "netIncomeFromContinuingOperations": "65346000",
            "comprehensiveIncomeNetOfTax": "2196000",
            "ebit": "1993000",
            "ebitda": "4114000",
            "netIncome": "2083000"
        },
        {
            "fiscalDateEnding": "2018-09-30",
            "reportedCurrency": "USD",
            "grossProfit": "65633000",
            "totalRevenue": "104836000",
            "costOfRevenue": "82488000",
            "costofGoodsAndServicesSold": "39203000",
            "operatingIncome": "3966000",
            "sellingGeneralAndAdministrative": "39685000",
            "researchAndDevelopment": "21982000",
            "operatingExpenses": "61667000",
            "investmentIncomeNet": "None",
            "netInterestIncome": "-4000",
            "interestIncome": "None",
            "interestExpense": "4000",
            "nonInterestIncome": "104836000",
            "otherNonOperatingIncome": "None",
            "depreciation": "None",
            "depreciationAndAmortization": "1600000",
            "incomeBeforeTax": "5240000",
            "incomeTaxExpense": "-471000",
            "interestAndDebtExpense": "4000",
            "netIncomeFromContinuingOperations": "5711000",
            "comprehensiveIncomeNetOfTax": "5604000",
            "ebit": "3966000",
            "ebitda": "6844000",
            "netIncome": "5711000"
        },
        {
            "fiscalDateEnding": "2018-06-30",
            "reportedCurrency": "USD",
            "grossProfit": "63143000",
            "totalRevenue": "99226000",
            "costOfRevenue": "77126000",
            "costofGoodsAndServicesSold": "36083000",
            "operatingIncome": "5299000",
            "sellingGeneralAndAdministrative": "39343000",
            "researchAndDevelopment": "18501000",
            "operatingExpenses": "57844000",
            "investmentIncomeNet": "None",
            "netInterestIncome": "-8000",
            "interestIncome": "None",
            "interestExpense": "8000",
            "nonInterestIncome": "99226000",
            "otherNonOperatingIncome": "None",
            "depreciation": "None",
            "depreciationAndAmortization": "1700000",
            "incomeBeforeTax": "5004000",
            "incomeTaxExpense": "-3481000",
            "interestAndDebtExpense": "8000",
            "netIncomeFromContinuingOperations": "8485000",
            "comprehensiveIncomeNetOfTax": "9140000",
            "ebit": "5299000",
            "ebitda": "6712000",
            "netIncome": "8485000"
        },
        {
            "fiscalDateEnding": "2018-03-31",
            "reportedCurrency": "USD",
            "grossProfit": "64461000",
            "totalRevenue": "202374000",
            "costOfRevenue": "73913000",
            "costofGoodsAndServicesSold": "36754000",
            "operatingIncome": "13583000",
            "sellingGeneralAndAdministrative": "35759000",
            "researchAndDevelopment": "15119000",
            "operatingExpenses": "50878000",
            "investmentIncomeNet": "None",
            "netInterestIncome": "-22000",
            "interestIncome": "None",
            "interestExpense": "22000",
            "nonInterestIncome": "101181000",
            "otherNonOperatingIncome": "None",
            "depreciation": "None",
            "depreciationAndAmortization": "1400000",
            "incomeBeforeTax": "14846000",
            "incomeTaxExpense": "1920000",
            "interestAndDebtExpense": "22000",
            "netIncomeFromContinuingOperations": "12926000",
            "comprehensiveIncomeNetOfTax": "12219000",
            "ebit": "13583000",
            "ebitda": "16268000",
            "netIncome": "12926000"
        }
    ]
}