{
    "symbol": "CPT",
    "annualReports": [
        {
            "fiscalDateEnding": "2022-12-31",
            "reportedCurrency": "USD",
            "grossProfit": "215378000",
            "totalRevenue": "1350892000",
            "costOfRevenue": "1135514000",
            "costofGoodsAndServicesSold": "498081000",
            "operatingIncome": "-385683000",
            "sellingGeneralAndAdministrative": "60413000",
            "researchAndDevelopment": "None",
            "operatingExpenses": "601061000",
            "investmentIncomeNet": "None",
            "netInterestIncome": "-113424000",
            "interestIncome": "3019000",
            "interestExpense": "113424000",
            "nonInterestIncome": "41560000",
            "otherNonOperatingIncome": "42439000",
            "depreciation": "None",
            "depreciationAndAmortization": "577020000",
            "incomeBeforeTax": "656579000",
            "incomeTaxExpense": "2966000",
            "interestAndDebtExpense": "113424000",
            "netIncomeFromContinuingOperations": "653613000",
            "comprehensiveIncomeNetOfTax": "655578000",
            "ebit": "770003000",
            "ebitda": "1347023000",
            "netIncome": "653613000"
        },
        {
            "fiscalDateEnding": "2021-12-31",
            "reportedCurrency": "USD",
            "grossProfit": "334119000",
            "totalRevenue": "1231204000",
            "costOfRevenue": "897085000",
            "costofGoodsAndServicesSold": "417025000",
            "operatingIncome": "28443000",
            "sellingGeneralAndAdministrative": "59368000",
            "researchAndDevelopment": "None",
            "operatingExpenses": "305676000",
            "investmentIncomeNet": "None",
            "netInterestIncome": "-97297000",
            "interestIncome": "1223000",
            "interestExpense": "97297000",
            "nonInterestIncome": "184916000",
            "otherNonOperatingIncome": "1223000",
            "depreciation": "None",
            "depreciationAndAmortization": "420692000",
            "incomeBeforeTax": "305800000",
            "incomeTaxExpense": "1893000",
            "interestAndDebtExpense": "97297000",
            "netIncomeFromContinuingOperations": "303907000",
            "comprehensiveIncomeNetOfTax": "305551000",
            "ebit": "403097000",
            "ebitda": "823789000",
            "netIncome": "303907000"
        },
        {
            "fiscalDateEnding": "2020-12-31",
            "reportedCurrency": "USD",
            "grossProfit": "147705000",
            "totalRevenue": "963317000",
            "costOfRevenue": "815612000",
            "costofGoodsAndServicesSold": "394826000",
            "operatingIncome": "-272699000",
            "sellingGeneralAndAdministrative": "53624000",
            "researchAndDevelopment": "None",
            "operatingExpenses": "420404000",
            "investmentIncomeNet": "None",
            "netInterestIncome": "-91526000",
            "interestIncome": "2949000",
            "interestExpense": "91526000",
            "nonInterestIncome": "11006000",
            "otherNonOperatingIncome": "2949000",
            "depreciation": "None",
            "depreciationAndAmortization": "367162000",
            "incomeBeforeTax": "125911000",
            "incomeTaxExpense": "2000000",
            "interestAndDebtExpense": "91702000",
            "netIncomeFromContinuingOperations": "123911000",
            "comprehensiveIncomeNetOfTax": "125057000",
            "ebit": "217437000",
            "ebitda": "584599000",
            "netIncome": "123911000"
        },
        {
            "fiscalDateEnding": "2019-12-31",
            "reportedCurrency": "USD",
            "grossProfit": "238535000",
            "totalRevenue": "994357000",
            "costOfRevenue": "755822000",
            "costofGoodsAndServicesSold": "366347000",
            "operatingIncome": "-101039000",
            "sellingGeneralAndAdministrative": "53201000",
            "researchAndDevelopment": "None",
            "operatingExpenses": "339574000",
            "investmentIncomeNet": "None",
            "netInterestIncome": "-80706000",
            "interestIncome": "14783000",
            "interestExpense": "80706000",
            "nonInterestIncome": "46602000",
            "otherNonOperatingIncome": "None",
            "depreciation": "None",
            "depreciationAndAmortization": "336274000",
            "incomeBeforeTax": "220712000",
            "incomeTaxExpense": "1089000",
            "interestAndDebtExpense": "92701000",
            "netIncomeFromContinuingOperations": "219623000",
            "comprehensiveIncomeNetOfTax": "206165000",
            "ebit": "301418000",
            "ebitda": "637692000",
            "netIncome": "219623000"
        },
        {
            "fiscalDateEnding": "2018-12-31",
            "reportedCurrency": "USD",
            "grossProfit": "1360608000",
            "totalRevenue": "1712289000",
            "costOfRevenue": "351681000",
            "costofGoodsAndServicesSold": "343579000",
            "operatingIncome": "1008927000",
            "sellingGeneralAndAdministrative": "50735000",
            "researchAndDevelopment": "None",
            "operatingExpenses": "351681000",
            "investmentIncomeNet": "None",
            "netInterestIncome": "-84263000",
            "interestIncome": "2101000",
            "interestExpense": "84263000",
            "nonInterestIncome": "1796552000",
            "otherNonOperatingIncome": "9937000",
            "depreciation": "None",
            "depreciationAndAmortization": "300946000",
            "incomeBeforeTax": "157552000",
            "incomeTaxExpense": "1424000",
            "interestAndDebtExpense": "84263000",
            "netIncomeFromContinuingOperations": "156128000",
            "comprehensiveIncomeNetOfTax": "163114000",
            "ebit": "241815000",
            "ebitda": "542761000",
            "netIncome": "156128000"
        }
    ],
    "quarterlyReports": [
        {
            "fiscalDateEnding": "2022-12-31",
            "reportedCurrency": "USD",
            "grossProfit": "-400000",
            "totalRevenue": "346172000",
            "costOfRevenue": "405507000",
            "costofGoodsAndServicesSold": "242349000",
            "operatingIncome": "-400000",
            "sellingGeneralAndAdministrative": "15887000",
            "researchAndDevelopment": "None",
            "operatingExpenses": "163158000",
            "investmentIncomeNet": "None",
            "netInterestIncome": "-400000",
            "interestIncome": "30268000",
            "interestExpense": "30668000",
            "nonInterestIncome": "931000",
            "otherNonOperatingIncome": "39558000",
            "depreciation": "None",
            "depreciationAndAmortization": "147271000",
            "incomeBeforeTax": "46462000",
            "incomeTaxExpense": "753000",
            "interestAndDebtExpense": "400000",
            "netIncomeFromContinuingOperations": "45709000",
            "comprehensiveIncomeNetOfTax": "46567000",
            "ebit": "77130000",
            "ebitda": "224401000",
            "netIncome": "45709000"
        },
        {
            "fiscalDateEnding": "2022-09-30",
            "reportedCurrency": "USD",
            "grossProfit": "80937000",
            "totalRevenue": "345197000",
            "costOfRevenue": "264260000",
            "costofGoodsAndServicesSold": "91381000",
            "operatingIncome": "-91942000",
            "sellingGeneralAndAdministrative": "14002000",
            "researchAndDevelopment": "None",
            "operatingExpenses": "172879000",
            "investmentIncomeNet": "None",
            "netInterestIncome": "-29192000",
            "interestIncome": "88000",
            "interestExpense": "29192000",
            "nonInterestIncome": "617000",
            "otherNonOperatingIncome": "88000",
            "depreciation": "None",
            "depreciationAndAmortization": "158877000",
            "incomeBeforeTax": "30581000",
            "incomeTaxExpense": "737000",
            "interestAndDebtExpense": "29192000",
            "netIncomeFromContinuingOperations": "29844000",
            "comprehensiveIncomeNetOfTax": "30213000",
            "ebit": "59773000",
            "ebitda": "218650000",
            "netIncome": "29844000"
        },
        {
            "fiscalDateEnding": "2022-06-30",
            "reportedCurrency": "USD",
            "grossProfit": "73716000",
            "totalRevenue": "333884000",
            "costOfRevenue": "260168000",
            "costofGoodsAndServicesSold": "86700000",
            "operatingIncome": "-99752000",
            "sellingGeneralAndAdministrative": "15734000",
            "researchAndDevelopment": "None",
            "operatingExpenses": "173468000",
            "investmentIncomeNet": "None",
            "netInterestIncome": "-29022000",
            "interestIncome": "662000",
            "interestExpense": "29022000",
            "nonInterestIncome": "1190000",
            "otherNonOperatingIncome": "662000",
            "depreciation": "None",
            "depreciationAndAmortization": "157734000",
            "incomeBeforeTax": "498201000",
            "incomeTaxExpense": "886000",
            "interestAndDebtExpense": "29022000",
            "netIncomeFromContinuingOperations": "497315000",
            "comprehensiveIncomeNetOfTax": "497684000",
            "ebit": "527223000",
            "ebitda": "684957000",
            "netIncome": "497315000"
        },
        {
            "fiscalDateEnding": "2022-03-31",
            "reportedCurrency": "USD",
            "grossProfit": "120060000",
            "totalRevenue": "325639000",
            "costOfRevenue": "205579000",
            "costofGoodsAndServicesSold": "77651000",
            "operatingIncome": "28504000",
            "sellingGeneralAndAdministrative": "14790000",
            "researchAndDevelopment": "None",
            "operatingExpenses": "91556000",
            "investmentIncomeNet": "None",
            "netInterestIncome": "-24542000",
            "interestIncome": "2131000",
            "interestExpense": "24542000",
            "nonInterestIncome": "38822000",
            "otherNonOperatingIncome": "2131000",
            "depreciation": "None",
            "depreciationAndAmortization": "113138000",
            "incomeBeforeTax": "81335000",
            "incomeTaxExpense": "590000",
            "interestAndDebtExpense": "24542000",
            "netIncomeFromContinuingOperations": "80745000",
            "comprehensiveIncomeNetOfTax": "81114000",
            "ebit": "105877000",
            "ebitda": "219015000",
            "netIncome": "80745000"
        },
        {
            "fiscalDateEnding": "2021-12-31",
            "reportedCurrency": "USD",
            "grossProfit": "129073000",
            "totalRevenue": "457981000",
            "costOfRevenue": "328908000",
            "costofGoodsAndServicesSold": "197465000",
            "operatingIncome": "172014000",
            "sellingGeneralAndAdministrative": "14940000",
            "researchAndDevelopment": "None",
            "operatingExpenses": "-42941000",
            "investmentIncomeNet": "None",
            "netInterestIncome": "-24582000",
            "interestIncome": "191000",
            "interestExpense": "24582000",
            "nonInterestIncome": "177199000",
            "otherNonOperatingIncome": "191000",
            "depreciation": "None",
            "depreciationAndAmortization": "116503000",
            "incomeBeforeTax": "213499000",
            "incomeTaxExpense": "601000",
            "interestAndDebtExpense": "24582000",
            "netIncomeFromContinuingOperations": "212898000",
            "comprehensiveIncomeNetOfTax": "213425000",
            "ebit": "238081000",
            "ebitda": "354584000",
            "netIncome": "212898000"
        },
        {
            "fiscalDateEnding": "2021-09-30",
            "reportedCurrency": "USD",
            "grossProfit": "67992000",
            "totalRevenue": "272391000",
            "costOfRevenue": "204399000",
            "costofGoodsAndServicesSold": "77977000",
            "operatingIncome": "-58430000",
            "sellingGeneralAndAdministrative": "14960000",
            "researchAndDevelopment": "None",
            "operatingExpenses": "126422000",
            "investmentIncomeNet": "None",
            "netInterestIncome": "-24987000",
            "interestIncome": "443000",
            "interestExpense": "24987000",
            "nonInterestIncome": "3248000",
            "otherNonOperatingIncome": "443000",
            "depreciation": "None",
            "depreciationAndAmortization": "111462000",
            "incomeBeforeTax": "29963000",
            "incomeTaxExpense": "480000",
            "interestAndDebtExpense": "24987000",
            "netIncomeFromContinuingOperations": "29483000",
            "comprehensiveIncomeNetOfTax": "29855000",
            "ebit": "54950000",
            "ebitda": "166412000",
            "netIncome": "29483000"
        },
        {
            "fiscalDateEnding": "2021-06-30",
            "reportedCurrency": "USD",
            "grossProfit": "67890000",
            "totalRevenue": "254702000",
            "costOfRevenue": "186812000",
            "costofGoodsAndServicesSold": "71980000",
            "operatingIncome": "-46942000",
            "sellingGeneralAndAdministrative": "15246000",
            "researchAndDevelopment": "None",
            "operatingExpenses": "114832000",
            "investmentIncomeNet": "None",
            "netInterestIncome": "-24084000",
            "interestIncome": "257000",
            "interestExpense": "24084000",
            "nonInterestIncome": "2263000",
            "otherNonOperatingIncome": "257000",
            "depreciation": "None",
            "depreciationAndAmortization": "99586000",
            "incomeBeforeTax": "30639000",
            "incomeTaxExpense": "460000",
            "interestAndDebtExpense": "24084000",
            "netIncomeFromContinuingOperations": "30179000",
            "comprehensiveIncomeNetOfTax": "30551000",
            "ebit": "54723000",
            "ebitda": "154309000",
            "netIncome": "30179000"
        },
        {
            "fiscalDateEnding": "2021-03-31",
            "reportedCurrency": "USD",
            "grossProfit": "69164000",
            "totalRevenue": "246130000",
            "costOfRevenue": "176966000",
            "costofGoodsAndServicesSold": "69603000",
            "operatingIncome": "-38199000",
            "sellingGeneralAndAdministrative": "14222000",
            "researchAndDevelopment": "None",
            "operatingExpenses": "107363000",
            "investmentIncomeNet": "None",
            "netInterestIncome": "-23644000",
            "interestIncome": "332000",
            "interestExpense": "23644000",
            "nonInterestIncome": "2206000",
            "otherNonOperatingIncome": "332000",
            "depreciation": "None",
            "depreciationAndAmortization": "93141000",
            "incomeBeforeTax": "31699000",
            "incomeTaxExpense": "352000",
            "interestAndDebtExpense": "23644000",
            "netIncomeFromContinuingOperations": "31347000",
            "comprehensiveIncomeNetOfTax": "31720000",
            "ebit": "55343000",
            "ebitda": "148484000",
            "netIncome": "31347000"
        },
        {
            "fiscalDateEnding": "2020-12-31",
            "reportedCurrency": "USD",
            "grossProfit": "-51220000",
            "totalRevenue": "240657000",
            "costOfRevenue": "291877000",
            "costofGoodsAndServicesSold": "186678000",
            "operatingIncome": "-156419000",
            "sellingGeneralAndAdministrative": "13274000",
            "researchAndDevelopment": "None",
            "operatingExpenses": "105199000",
            "investmentIncomeNet": "None",
            "netInterestIncome": "-24072000",
            "interestIncome": "347000",
            "interestExpense": "24072000",
            "nonInterestIncome": "3175000",
            "otherNonOperatingIncome": "347000",
            "depreciation": "None",
            "depreciationAndAmortization": "91925000",
            "incomeBeforeTax": "29717000",
            "incomeTaxExpense": "524000",
            "interestAndDebtExpense": "24248000",
            "netIncomeFromContinuingOperations": "29193000",
            "comprehensiveIncomeNetOfTax": "29241000",
            "ebit": "53789000",
            "ebitda": "145714000",
            "netIncome": "29193000"
        },
        {
            "fiscalDateEnding": "2020-09-30",
            "reportedCurrency": "USD",
            "grossProfit": "69612000",
            "totalRevenue": "243998000",
            "costOfRevenue": "174386000",
            "costofGoodsAndServicesSold": "71085000",
            "operatingIncome": "-33689000",
            "sellingGeneralAndAdministrative": "12726000",
            "researchAndDevelopment": "None",
            "operatingExpenses": "103301000",
            "investmentIncomeNet": "None",
            "netInterestIncome": "-24265000",
            "interestIncome": "2154000",
            "interestExpense": "24265000",
            "nonInterestIncome": "2542000",
            "otherNonOperatingIncome": "1948000",
            "depreciation": "None",
            "depreciationAndAmortization": "90575000",
            "incomeBeforeTax": "35572000",
            "incomeTaxExpense": "615000",
            "interestAndDebtExpense": "24265000",
            "netIncomeFromContinuingOperations": "34957000",
            "comprehensiveIncomeNetOfTax": "35323000",
            "ebit": "59837000",
            "ebitda": "150412000",
            "netIncome": "34957000"
        },
        {
            "fiscalDateEnding": "2020-06-30",
            "reportedCurrency": "USD",
            "grossProfit": "116448000",
            "totalRevenue": "229581000",
            "costOfRevenue": "113133000",
            "costofGoodsAndServicesSold": "5939000",
            "operatingIncome": "9254000",
            "sellingGeneralAndAdministrative": "14391000",
            "researchAndDevelopment": "None",
            "operatingExpenses": "107194000",
            "investmentIncomeNet": "None",
            "netInterestIncome": "-23482000",
            "interestIncome": "325000",
            "interestExpense": "23482000",
            "nonInterestIncome": "2380000",
            "otherNonOperatingIncome": "325000",
            "depreciation": "None",
            "depreciationAndAmortization": "92803000",
            "incomeBeforeTax": "16871000",
            "incomeTaxExpense": "394000",
            "interestAndDebtExpense": "23482000",
            "netIncomeFromContinuingOperations": "16477000",
            "comprehensiveIncomeNetOfTax": "16843000",
            "ebit": "40353000",
            "ebitda": "133156000",
            "netIncome": "16477000"
        },
        {
            "fiscalDateEnding": "2020-03-31",
            "reportedCurrency": "USD",
            "grossProfit": "137462000",
            "totalRevenue": "249081000",
            "costOfRevenue": "111619000",
            "costofGoodsAndServicesSold": "6527000",
            "operatingIncome": "32752000",
            "sellingGeneralAndAdministrative": "13233000",
            "researchAndDevelopment": "None",
            "operatingExpenses": "104710000",
            "investmentIncomeNet": "None",
            "netInterestIncome": "-19707000",
            "interestIncome": "329000",
            "interestExpense": "19707000",
            "nonInterestIncome": "2909000",
            "otherNonOperatingIncome": "329000",
            "depreciation": "None",
            "depreciationAndAmortization": "91859000",
            "incomeBeforeTax": "43751000",
            "incomeTaxExpense": "467000",
            "interestAndDebtExpense": "19707000",
            "netIncomeFromContinuingOperations": "43284000",
            "comprehensiveIncomeNetOfTax": "43650000",
            "ebit": "63458000",
            "ebitda": "155317000",
            "netIncome": "43284000"
        },
        {
            "fiscalDateEnding": "2019-12-31",
            "reportedCurrency": "USD",
            "grossProfit": "301367000",
            "totalRevenue": "301367000",
            "costOfRevenue": "446157000",
            "costofGoodsAndServicesSold": "347443000",
            "operatingIncome": "301367000",
            "sellingGeneralAndAdministrative": "13174000",
            "researchAndDevelopment": "None",
            "operatingExpenses": "-49901000",
            "investmentIncomeNet": "None",
            "netInterestIncome": "-20168000",
            "interestIncome": "8829000",
            "interestExpense": "20168000",
            "nonInterestIncome": "37906000",
            "otherNonOperatingIncome": "None",
            "depreciation": "None",
            "depreciationAndAmortization": "85540000",
            "incomeBeforeTax": "95394000",
            "incomeTaxExpense": "380000",
            "interestAndDebtExpense": "11995000",
            "netIncomeFromContinuingOperations": "95014000",
            "comprehensiveIncomeNetOfTax": "94923000",
            "ebit": "115562000",
            "ebitda": "201102000",
            "netIncome": "95014000"
        },
        {
            "fiscalDateEnding": "2019-09-30",
            "reportedCurrency": "USD",
            "grossProfit": "136666000",
            "totalRevenue": "242092000",
            "costOfRevenue": "105426000",
            "costofGoodsAndServicesSold": "6154000",
            "operatingIncome": "37394000",
            "sellingGeneralAndAdministrative": "13458000",
            "researchAndDevelopment": "None",
            "operatingExpenses": "99272000",
            "investmentIncomeNet": "None",
            "netInterestIncome": "-20719000",
            "interestIncome": "1485000",
            "interestExpense": "20719000",
            "nonInterestIncome": "2139000",
            "otherNonOperatingIncome": "1485000",
            "depreciation": "None",
            "depreciationAndAmortization": "85814000",
            "incomeBeforeTax": "43910000",
            "incomeTaxExpense": "313000",
            "interestAndDebtExpense": "20719000",
            "netIncomeFromContinuingOperations": "43597000",
            "comprehensiveIncomeNetOfTax": "43954000",
            "ebit": "64629000",
            "ebitda": "150443000",
            "netIncome": "43597000"
        },
        {
            "fiscalDateEnding": "2019-06-30",
            "reportedCurrency": "USD",
            "grossProfit": "-121482000",
            "totalRevenue": "255761000",
            "costOfRevenue": "104000000",
            "costofGoodsAndServicesSold": "6093000",
            "operatingIncome": "-219389000",
            "sellingGeneralAndAdministrative": "13261000",
            "researchAndDevelopment": "None",
            "operatingExpenses": "97907000",
            "investmentIncomeNet": "None",
            "netInterestIncome": "-19349000",
            "interestIncome": "331000",
            "interestExpense": "19349000",
            "nonInterestIncome": "1867000",
            "otherNonOperatingIncome": "331000",
            "depreciation": "None",
            "depreciationAndAmortization": "84646000",
            "incomeBeforeTax": "42627000",
            "incomeTaxExpense": "228000",
            "interestAndDebtExpense": "19349000",
            "netIncomeFromContinuingOperations": "42399000",
            "comprehensiveIncomeNetOfTax": "34988000",
            "ebit": "61976000",
            "ebitda": "146622000",
            "netIncome": "42399000"
        },
        {
            "fiscalDateEnding": "2019-03-31",
            "reportedCurrency": "USD",
            "grossProfit": "-114052000",
            "totalRevenue": "248567000",
            "costOfRevenue": "93582000",
            "costofGoodsAndServicesSold": "6657000",
            "operatingIncome": "-207634000",
            "sellingGeneralAndAdministrative": "13308000",
            "researchAndDevelopment": "None",
            "operatingExpenses": "93582000",
            "investmentIncomeNet": "None",
            "netInterestIncome": "-20470000",
            "interestIncome": "1912000",
            "interestExpense": "20470000",
            "nonInterestIncome": "1843000",
            "otherNonOperatingIncome": "2210000",
            "depreciation": "None",
            "depreciationAndAmortization": "80274000",
            "incomeBeforeTax": "38781000",
            "incomeTaxExpense": "168000",
            "interestAndDebtExpense": "20470000",
            "netIncomeFromContinuingOperations": "38613000",
            "comprehensiveIncomeNetOfTax": "32300000",
            "ebit": "59251000",
            "ebitda": "139525000",
            "netIncome": "38613000"
        },
        {
            "fiscalDateEnding": "2018-12-31",
            "reportedCurrency": "USD",
            "grossProfit": "244919000",
            "totalRevenue": "244919000",
            "costOfRevenue": "92299000",
            "costofGoodsAndServicesSold": "324164000",
            "operatingIncome": "244919000",
            "sellingGeneralAndAdministrative": "13622000",
            "researchAndDevelopment": "None",
            "operatingExpenses": "92299000",
            "investmentIncomeNet": "None",
            "netInterestIncome": "-22047000",
            "interestIncome": "None",
            "interestExpense": "22047000",
            "nonInterestIncome": "244919000",
            "otherNonOperatingIncome": "2624000",
            "depreciation": "None",
            "depreciationAndAmortization": "78677000",
            "incomeBeforeTax": "39522000",
            "incomeTaxExpense": "326000",
            "interestAndDebtExpense": "22047000",
            "netIncomeFromContinuingOperations": "39196000",
            "comprehensiveIncomeNetOfTax": "32094000",
            "ebit": "61569000",
            "ebitda": "140246000",
            "netIncome": "39196000"
        },
        {
            "fiscalDateEnding": "2018-09-30",
            "reportedCurrency": "USD",
            "grossProfit": "344425000",
            "totalRevenue": "433519000",
            "costOfRevenue": "89094000",
            "costofGoodsAndServicesSold": "6303000",
            "operatingIncome": "255331000",
            "sellingGeneralAndAdministrative": "12618000",
            "researchAndDevelopment": "None",
            "operatingExpenses": "89094000",
            "investmentIncomeNet": "None",
            "netInterestIncome": "-21235000",
            "interestIncome": "None",
            "interestExpense": "21235000",
            "nonInterestIncome": "454754000",
            "otherNonOperatingIncome": "2328000",
            "depreciation": "None",
            "depreciationAndAmortization": "76476000",
            "incomeBeforeTax": "39196000",
            "incomeTaxExpense": "330000",
            "interestAndDebtExpense": "21235000",
            "netIncomeFromContinuingOperations": "38866000",
            "comprehensiveIncomeNetOfTax": "44103000",
            "ebit": "60431000",
            "ebitda": "136907000",
            "netIncome": "38866000"
        },
        {
            "fiscalDateEnding": "2018-06-30",
            "reportedCurrency": "USD",
            "grossProfit": "459804000",
            "totalRevenue": "633794000",
            "costOfRevenue": "173990000",
            "costofGoodsAndServicesSold": "86149000",
            "operatingIncome": "371963000",
            "sellingGeneralAndAdministrative": "12272000",
            "researchAndDevelopment": "None",
            "operatingExpenses": "87841000",
            "investmentIncomeNet": "None",
            "netInterestIncome": "-20607000",
            "interestIncome": "None",
            "interestExpense": "20607000",
            "nonInterestIncome": "208634000",
            "otherNonOperatingIncome": "2363000",
            "depreciation": "None",
            "depreciationAndAmortization": "75569000",
            "incomeBeforeTax": "39051000",
            "incomeTaxExpense": "380000",
            "interestAndDebtExpense": "20607000",
            "netIncomeFromContinuingOperations": "38671000",
            "comprehensiveIncomeNetOfTax": "43886000",
            "ebit": "59658000",
            "ebitda": "135227000",
            "netIncome": "38671000"
        },
        {
            "fiscalDateEnding": "2018-03-31",
            "reportedCurrency": "USD",
            "grossProfit": "449942000",
            "totalRevenue": "617319000",
            "costOfRevenue": "167377000",
            "costofGoodsAndServicesSold": "84930000",
            "operatingIncome": "367495000",
            "sellingGeneralAndAdministrative": "12223000",
            "researchAndDevelopment": "None",
            "operatingExpenses": "82447000",
            "investmentIncomeNet": "None",
            "netInterestIncome": "-20374000",
            "interestIncome": "None",
            "interestExpense": "20374000",
            "nonInterestIncome": "203505000",
            "otherNonOperatingIncome": "2622000",
            "depreciation": "None",
            "depreciationAndAmortization": "70224000",
            "incomeBeforeTax": "39783000",
            "incomeTaxExpense": "388000",
            "interestAndDebtExpense": "20374000",
            "netIncomeFromContinuingOperations": "39395000",
            "comprehensiveIncomeNetOfTax": "43031000",
            "ebit": "60157000",
            "ebitda": "130381000",
            "netIncome": "39395000"
        }
    ]
}