{
    "symbol": "DGX",
    "annualReports": [
        {
            "fiscalDateEnding": "2022-12-31",
            "reportedCurrency": "USD",
            "grossProfit": "3295000000",
            "totalRevenue": "9745000000",
            "costOfRevenue": "6450000000",
            "costofGoodsAndServicesSold": "6450000000",
            "operatingIncome": "1428000000",
            "sellingGeneralAndAdministrative": "1874000000",
            "researchAndDevelopment": "None",
            "operatingExpenses": "2054000000",
            "investmentIncomeNet": "None",
            "netInterestIncome": "-138000000",
            "interestIncome": "10000000",
            "interestExpense": "148000000",
            "nonInterestIncome": "9883000000",
            "otherNonOperatingIncome": "-55000000",
            "depreciation": "317000000",
            "depreciationAndAmortization": "122000000",
            "incomeBeforeTax": "1210000000",
            "incomeTaxExpense": "264000000",
            "interestAndDebtExpense": "148000000",
            "netIncomeFromContinuingOperations": "1015000000",
            "comprehensiveIncomeNetOfTax": "939000000",
            "ebit": "1358000000",
            "ebitda": "1480000000",
            "netIncome": "946000000"
        },
        {
            "fiscalDateEnding": "2021-12-31",
            "reportedCurrency": "USD",
            "grossProfit": "4049000000",
            "totalRevenue": "10628000000",
            "costOfRevenue": "6579000000",
            "costofGoodsAndServicesSold": "6579000000",
            "operatingIncome": "2381000000",
            "sellingGeneralAndAdministrative": "1727000000",
            "researchAndDevelopment": "None",
            "operatingExpenses": "1845000000",
            "investmentIncomeNet": "None",
            "netInterestIncome": "-151000000",
            "interestIncome": "1000000",
            "interestExpense": "152000000",
            "nonInterestIncome": "10779000000",
            "otherNonOperatingIncome": "369000000",
            "depreciation": "305000000",
            "depreciationAndAmortization": "105000000",
            "incomeBeforeTax": "2592000000",
            "incomeTaxExpense": "597000000",
            "interestAndDebtExpense": "152000000",
            "netIncomeFromContinuingOperations": "1995000000",
            "comprehensiveIncomeNetOfTax": "2002000000",
            "ebit": "2744000000",
            "ebitda": "2849000000",
            "netIncome": "1995000000"
        },
        {
            "fiscalDateEnding": "2020-12-31",
            "reportedCurrency": "USD",
            "grossProfit": "3633000000",
            "totalRevenue": "9437000000",
            "costOfRevenue": "5804000000",
            "costofGoodsAndServicesSold": "5804000000",
            "operatingIncome": "1971000000",
            "sellingGeneralAndAdministrative": "1550000000",
            "researchAndDevelopment": "None",
            "operatingExpenses": "1695000000",
            "investmentIncomeNet": "None",
            "netInterestIncome": "-163000000",
            "interestIncome": "3000000",
            "interestExpense": "166000000",
            "nonInterestIncome": "9434000000",
            "otherNonOperatingIncome": "76000000",
            "depreciation": "258000000",
            "depreciationAndAmortization": "109000000",
            "incomeBeforeTax": "1891000000",
            "incomeTaxExpense": "460000000",
            "interestAndDebtExpense": "166000000",
            "netIncomeFromContinuingOperations": "1431000000",
            "comprehensiveIncomeNetOfTax": "1449000000",
            "ebit": "2057000000",
            "ebitda": "2166000000",
            "netIncome": "1431000000"
        },
        {
            "fiscalDateEnding": "2019-12-31",
            "reportedCurrency": "USD",
            "grossProfit": "2689000000",
            "totalRevenue": "7726000000",
            "costOfRevenue": "5037000000",
            "costofGoodsAndServicesSold": "5037000000",
            "operatingIncome": "1231000000",
            "sellingGeneralAndAdministrative": "1457000000",
            "researchAndDevelopment": "None",
            "operatingExpenses": "1498000000",
            "investmentIncomeNet": "None",
            "netInterestIncome": "-175000000",
            "interestIncome": "5000000",
            "interestExpense": "180000000",
            "nonInterestIncome": "7796000000",
            "otherNonOperatingIncome": "20000000",
            "depreciation": "233000000",
            "depreciationAndAmortization": "103000000",
            "incomeBeforeTax": "1105000000",
            "incomeTaxExpense": "247000000",
            "interestAndDebtExpense": "180000000",
            "netIncomeFromContinuingOperations": "838000000",
            "comprehensiveIncomeNetOfTax": "878000000",
            "ebit": "1285000000",
            "ebitda": "1388000000",
            "netIncome": "858000000"
        },
        {
            "fiscalDateEnding": "2018-12-31",
            "reportedCurrency": "USD",
            "grossProfit": "2605000000",
            "totalRevenue": "7531000000",
            "costOfRevenue": "4926000000",
            "costofGoodsAndServicesSold": "4926000000",
            "operatingIncome": "1101000000",
            "sellingGeneralAndAdministrative": "1424000000",
            "researchAndDevelopment": "None",
            "operatingExpenses": "1573000000",
            "investmentIncomeNet": "None",
            "netInterestIncome": "-167000000",
            "interestIncome": "2000000",
            "interestExpense": "169000000",
            "nonInterestIncome": "-4000000",
            "otherNonOperatingIncome": "-8000000",
            "depreciation": "219000000",
            "depreciationAndAmortization": "90000000",
            "incomeBeforeTax": "918000000",
            "incomeTaxExpense": "182000000",
            "interestAndDebtExpense": "169000000",
            "netIncomeFromContinuingOperations": "736000000",
            "comprehensiveIncomeNetOfTax": "727000000",
            "ebit": "1087000000",
            "ebitda": "1177000000",
            "netIncome": "736000000"
        }
    ],
    "quarterlyReports": [
        {
            "fiscalDateEnding": "2023-03-31",
            "reportedCurrency": "USD",
            "grossProfit": "736000000",
            "totalRevenue": "2296000000",
            "costOfRevenue": "1560000000",
            "costofGoodsAndServicesSold": "1560000000",
            "operatingIncome": "305000000",
            "sellingGeneralAndAdministrative": "439000000",
            "researchAndDevelopment": "None",
            "operatingExpenses": "465000000",
            "investmentIncomeNet": "None",
            "netInterestIncome": "-35000000",
            "interestIncome": "2000000",
            "interestExpense": "37000000",
            "nonInterestIncome": "2331000000",
            "otherNonOperatingIncome": "7000000",
            "depreciation": "81000000",
            "depreciationAndAmortization": "26000000",
            "incomeBeforeTax": "267000000",
            "incomeTaxExpense": "65000000",
            "interestAndDebtExpense": "37000000",
            "netIncomeFromContinuingOperations": "217000000",
            "comprehensiveIncomeNetOfTax": "205000000",
            "ebit": "304000000",
            "ebitda": "330000000",
            "netIncome": "202000000"
        },
        {
            "fiscalDateEnding": "2022-12-31",
            "reportedCurrency": "USD",
            "grossProfit": "726000000",
            "totalRevenue": "2301000000",
            "costOfRevenue": "1575000000",
            "costofGoodsAndServicesSold": "1575000000",
            "operatingIncome": "135000000",
            "sellingGeneralAndAdministrative": "563000000",
            "researchAndDevelopment": "None",
            "operatingExpenses": "662000000",
            "investmentIncomeNet": "None",
            "netInterestIncome": "-32000000",
            "interestIncome": "4000000",
            "interestExpense": "36000000",
            "nonInterestIncome": "2333000000",
            "otherNonOperatingIncome": "6000000",
            "depreciation": "77000000",
            "depreciationAndAmortization": "41000000",
            "incomeBeforeTax": "97000000",
            "incomeTaxExpense": "-4000000",
            "interestAndDebtExpense": "36000000",
            "netIncomeFromContinuingOperations": "116000000",
            "comprehensiveIncomeNetOfTax": "111000000",
            "ebit": "133000000",
            "ebitda": "174000000",
            "netIncome": "101000000"
        },
        {
            "fiscalDateEnding": "2022-09-30",
            "reportedCurrency": "USD",
            "grossProfit": "835000000",
            "totalRevenue": "2453000000",
            "costOfRevenue": "1618000000",
            "costofGoodsAndServicesSold": "1618000000",
            "operatingIncome": "392000000",
            "sellingGeneralAndAdministrative": "464000000",
            "researchAndDevelopment": "None",
            "operatingExpenses": "491000000",
            "investmentIncomeNet": "None",
            "netInterestIncome": "-33000000",
            "interestIncome": "4000000",
            "interestExpense": "37000000",
            "nonInterestIncome": "2486000000",
            "otherNonOperatingIncome": "-8000000",
            "depreciation": "81000000",
            "depreciationAndAmortization": "27000000",
            "incomeBeforeTax": "337000000",
            "incomeTaxExpense": "81000000",
            "interestAndDebtExpense": "37000000",
            "netIncomeFromContinuingOperations": "276000000",
            "comprehensiveIncomeNetOfTax": "248000000",
            "ebit": "374000000",
            "ebitda": "401000000",
            "netIncome": "256000000"
        },
        {
            "fiscalDateEnding": "2022-06-30",
            "reportedCurrency": "USD",
            "grossProfit": "806000000",
            "totalRevenue": "2417000000",
            "costOfRevenue": "1611000000",
            "costofGoodsAndServicesSold": "1611000000",
            "operatingIncome": "388000000",
            "sellingGeneralAndAdministrative": "422000000",
            "researchAndDevelopment": "None",
            "operatingExpenses": "449000000",
            "investmentIncomeNet": "None",
            "netInterestIncome": "-36000000",
            "interestIncome": "2000000",
            "interestExpense": "38000000",
            "nonInterestIncome": "2453000000",
            "otherNonOperatingIncome": "-29000000",
            "depreciation": "80000000",
            "depreciationAndAmortization": "27000000",
            "incomeBeforeTax": "311000000",
            "incomeTaxExpense": "77000000",
            "interestAndDebtExpense": "38000000",
            "netIncomeFromContinuingOperations": "250000000",
            "comprehensiveIncomeNetOfTax": "227000000",
            "ebit": "349000000",
            "ebitda": "376000000",
            "netIncome": "234000000"
        },
        {
            "fiscalDateEnding": "2022-03-31",
            "reportedCurrency": "USD",
            "grossProfit": "928000000",
            "totalRevenue": "2574000000",
            "costOfRevenue": "1646000000",
            "costofGoodsAndServicesSold": "1646000000",
            "operatingIncome": "513000000",
            "sellingGeneralAndAdministrative": "425000000",
            "researchAndDevelopment": "None",
            "operatingExpenses": "452000000",
            "investmentIncomeNet": "None",
            "netInterestIncome": "-37000000",
            "interestIncome": "37000000",
            "interestExpense": "37000000",
            "nonInterestIncome": "2611000000",
            "otherNonOperatingIncome": "-24000000",
            "depreciation": "79000000",
            "depreciationAndAmortization": "27000000",
            "incomeBeforeTax": "465000000",
            "incomeTaxExpense": "110000000",
            "interestAndDebtExpense": "37000000",
            "netIncomeFromContinuingOperations": "373000000",
            "comprehensiveIncomeNetOfTax": "353000000",
            "ebit": "502000000",
            "ebitda": "529000000",
            "netIncome": "355000000"
        },
        {
            "fiscalDateEnding": "2021-12-31",
            "reportedCurrency": "USD",
            "grossProfit": "980000000",
            "totalRevenue": "2698000000",
            "costOfRevenue": "1718000000",
            "costofGoodsAndServicesSold": "1718000000",
            "operatingIncome": "536000000",
            "sellingGeneralAndAdministrative": "464000000",
            "researchAndDevelopment": "None",
            "operatingExpenses": "505000000",
            "investmentIncomeNet": "None",
            "netInterestIncome": "-37000000",
            "interestIncome": "1000000",
            "interestExpense": "38000000",
            "nonInterestIncome": "2735000000",
            "otherNonOperatingIncome": "3000000",
            "depreciation": "80000000",
            "depreciationAndAmortization": "28000000",
            "incomeBeforeTax": "504000000",
            "incomeTaxExpense": "114000000",
            "interestAndDebtExpense": "38000000",
            "netIncomeFromContinuingOperations": "328000000",
            "comprehensiveIncomeNetOfTax": "389000000",
            "ebit": "542000000",
            "ebitda": "570000000",
            "netIncome": "390000000"
        },
        {
            "fiscalDateEnding": "2021-09-30",
            "reportedCurrency": "USD",
            "grossProfit": "1066000000",
            "totalRevenue": "2736000000",
            "costOfRevenue": "1670000000",
            "costofGoodsAndServicesSold": "1670000000",
            "operatingIncome": "652000000",
            "sellingGeneralAndAdministrative": "427000000",
            "researchAndDevelopment": "None",
            "operatingExpenses": "452000000",
            "investmentIncomeNet": "None",
            "netInterestIncome": "-38000000",
            "interestIncome": "38000000",
            "interestExpense": "38000000",
            "nonInterestIncome": "2774000000",
            "otherNonOperatingIncome": "40000000",
            "depreciation": "76000000",
            "depreciationAndAmortization": "25000000",
            "incomeBeforeTax": "658000000",
            "incomeTaxExpense": "153000000",
            "interestAndDebtExpense": "38000000",
            "netIncomeFromContinuingOperations": "527000000",
            "comprehensiveIncomeNetOfTax": "502000000",
            "ebit": "696000000",
            "ebitda": "721000000",
            "netIncome": "505000000"
        },
        {
            "fiscalDateEnding": "2021-06-30",
            "reportedCurrency": "USD",
            "grossProfit": "947000000",
            "totalRevenue": "2512000000",
            "costOfRevenue": "1565000000",
            "costofGoodsAndServicesSold": "1565000000",
            "operatingIncome": "533000000",
            "sellingGeneralAndAdministrative": "429000000",
            "researchAndDevelopment": "None",
            "operatingExpenses": "454000000",
            "investmentIncomeNet": "None",
            "netInterestIncome": "-38000000",
            "interestIncome": "38000000",
            "interestExpense": "38000000",
            "nonInterestIncome": "2550000000",
            "otherNonOperatingIncome": "322000000",
            "depreciation": "75000000",
            "depreciationAndAmortization": "25000000",
            "incomeBeforeTax": "808000000",
            "incomeTaxExpense": "177000000",
            "interestAndDebtExpense": "38000000",
            "netIncomeFromContinuingOperations": "650000000",
            "comprehensiveIncomeNetOfTax": "652000000",
            "ebit": "846000000",
            "ebitda": "871000000",
            "netIncome": "631000000"
        },
        {
            "fiscalDateEnding": "2021-03-31",
            "reportedCurrency": "USD",
            "grossProfit": "1056000000",
            "totalRevenue": "2682000000",
            "costOfRevenue": "1626000000",
            "costofGoodsAndServicesSold": "1626000000",
            "operatingIncome": "660000000",
            "sellingGeneralAndAdministrative": "407000000",
            "researchAndDevelopment": "None",
            "operatingExpenses": "434000000",
            "investmentIncomeNet": "None",
            "netInterestIncome": "-38000000",
            "interestIncome": "38000000",
            "interestExpense": "38000000",
            "nonInterestIncome": "2720000000",
            "otherNonOperatingIncome": "4000000",
            "depreciation": "74000000",
            "depreciationAndAmortization": "27000000",
            "incomeBeforeTax": "622000000",
            "incomeTaxExpense": "153000000",
            "interestAndDebtExpense": "38000000",
            "netIncomeFromContinuingOperations": "490000000",
            "comprehensiveIncomeNetOfTax": "459000000",
            "ebit": "660000000",
            "ebitda": "687000000",
            "netIncome": "469000000"
        },
        {
            "fiscalDateEnding": "2020-12-31",
            "reportedCurrency": "USD",
            "grossProfit": "1269000000",
            "totalRevenue": "3002000000",
            "costOfRevenue": "1733000000",
            "costofGoodsAndServicesSold": "1733000000",
            "operatingIncome": "795000000",
            "sellingGeneralAndAdministrative": "447000000",
            "researchAndDevelopment": "None",
            "operatingExpenses": "26000000",
            "investmentIncomeNet": "None",
            "netInterestIncome": "-39000000",
            "interestIncome": "1000000",
            "interestExpense": "40000000",
            "nonInterestIncome": "3002000000",
            "otherNonOperatingIncome": "2000000",
            "depreciation": "72000000",
            "depreciationAndAmortization": "26000000",
            "incomeBeforeTax": "770000000",
            "incomeTaxExpense": "191000000",
            "interestAndDebtExpense": "40000000",
            "netIncomeFromContinuingOperations": "579000000",
            "comprehensiveIncomeNetOfTax": "600000000",
            "ebit": "810000000",
            "ebitda": "836000000",
            "netIncome": "579000000"
        },
        {
            "fiscalDateEnding": "2020-09-30",
            "reportedCurrency": "USD",
            "grossProfit": "1206000000",
            "totalRevenue": "2786000000",
            "costOfRevenue": "1580000000",
            "costofGoodsAndServicesSold": "1580000000",
            "operatingIncome": "718000000",
            "sellingGeneralAndAdministrative": "396000000",
            "researchAndDevelopment": "None",
            "operatingExpenses": "429000000",
            "investmentIncomeNet": "None",
            "netInterestIncome": "-42000000",
            "interestIncome": "42000000",
            "interestExpense": "42000000",
            "nonInterestIncome": "2786000000",
            "otherNonOperatingIncome": "77000000",
            "depreciation": "62000000",
            "depreciationAndAmortization": "27000000",
            "incomeBeforeTax": "745000000",
            "incomeTaxExpense": "177000000",
            "interestAndDebtExpense": "42000000",
            "netIncomeFromContinuingOperations": "568000000",
            "comprehensiveIncomeNetOfTax": "581000000",
            "ebit": "787000000",
            "ebitda": "814000000",
            "netIncome": "568000000"
        },
        {
            "fiscalDateEnding": "2020-06-30",
            "reportedCurrency": "USD",
            "grossProfit": "606000000",
            "totalRevenue": "1827000000",
            "costOfRevenue": "1221000000",
            "costofGoodsAndServicesSold": "1221000000",
            "operatingIncome": "283000000",
            "sellingGeneralAndAdministrative": "360000000",
            "researchAndDevelopment": "None",
            "operatingExpenses": "390000000",
            "investmentIncomeNet": "None",
            "netInterestIncome": "-41000000",
            "interestIncome": "1000000",
            "interestExpense": "42000000",
            "nonInterestIncome": "1827000000",
            "otherNonOperatingIncome": "13000000",
            "depreciation": "64000000",
            "depreciationAndAmortization": "25000000",
            "incomeBeforeTax": "251000000",
            "incomeTaxExpense": "66000000",
            "interestAndDebtExpense": "42000000",
            "netIncomeFromContinuingOperations": "185000000",
            "comprehensiveIncomeNetOfTax": "188000000",
            "ebit": "293000000",
            "ebitda": "318000000",
            "netIncome": "185000000"
        },
        {
            "fiscalDateEnding": "2020-03-31",
            "reportedCurrency": "USD",
            "grossProfit": "552000000",
            "totalRevenue": "1822000000",
            "costOfRevenue": "1270000000",
            "costofGoodsAndServicesSold": "1270000000",
            "operatingIncome": "175000000",
            "sellingGeneralAndAdministrative": "347000000",
            "researchAndDevelopment": "None",
            "operatingExpenses": "374000000",
            "investmentIncomeNet": "None",
            "netInterestIncome": "-41000000",
            "interestIncome": "41000000",
            "interestExpense": "42000000",
            "nonInterestIncome": "1822000000",
            "otherNonOperatingIncome": "-16000000",
            "depreciation": "60000000",
            "depreciationAndAmortization": "25000000",
            "incomeBeforeTax": "125000000",
            "incomeTaxExpense": "26000000",
            "interestAndDebtExpense": "42000000",
            "netIncomeFromContinuingOperations": "99000000",
            "comprehensiveIncomeNetOfTax": "80000000",
            "ebit": "167000000",
            "ebitda": "192000000",
            "netIncome": "99000000"
        },
        {
            "fiscalDateEnding": "2019-12-31",
            "reportedCurrency": "USD",
            "grossProfit": "662000000",
            "totalRevenue": "1926000000",
            "costOfRevenue": "1264000000",
            "costofGoodsAndServicesSold": "1264000000",
            "operatingIncome": "363000000",
            "sellingGeneralAndAdministrative": "349000000",
            "researchAndDevelopment": "None",
            "operatingExpenses": "-45000000",
            "investmentIncomeNet": "None",
            "netInterestIncome": "-42000000",
            "interestIncome": "2000000",
            "interestExpense": "44000000",
            "nonInterestIncome": "1926000000",
            "otherNonOperatingIncome": "7000000",
            "depreciation": "58000000",
            "depreciationAndAmortization": "27000000",
            "incomeBeforeTax": "325000000",
            "incomeTaxExpense": "72000000",
            "interestAndDebtExpense": "44000000",
            "netIncomeFromContinuingOperations": "253000000",
            "comprehensiveIncomeNetOfTax": "269000000",
            "ebit": "369000000",
            "ebitda": "396000000",
            "netIncome": "253000000"
        },
        {
            "fiscalDateEnding": "2019-09-30",
            "reportedCurrency": "USD",
            "grossProfit": "692000000",
            "totalRevenue": "1956000000",
            "costOfRevenue": "1264000000",
            "costofGoodsAndServicesSold": "1264000000",
            "operatingIncome": "313000000",
            "sellingGeneralAndAdministrative": "362000000",
            "researchAndDevelopment": "None",
            "operatingExpenses": "386000000",
            "investmentIncomeNet": "None",
            "netInterestIncome": "-44000000",
            "interestIncome": "1000000",
            "interestExpense": "45000000",
            "nonInterestIncome": "1956000000",
            "otherNonOperatingIncome": "1000000",
            "depreciation": "59000000",
            "depreciationAndAmortization": "24000000",
            "incomeBeforeTax": "277000000",
            "incomeTaxExpense": "62000000",
            "interestAndDebtExpense": "45000000",
            "netIncomeFromContinuingOperations": "215000000",
            "comprehensiveIncomeNetOfTax": "218000000",
            "ebit": "322000000",
            "ebitda": "346000000",
            "netIncome": "215000000"
        },
        {
            "fiscalDateEnding": "2019-06-30",
            "reportedCurrency": "USD",
            "grossProfit": "688000000",
            "totalRevenue": "1953000000",
            "costOfRevenue": "1265000000",
            "costofGoodsAndServicesSold": "1265000000",
            "operatingIncome": "307000000",
            "sellingGeneralAndAdministrative": "362000000",
            "researchAndDevelopment": "None",
            "operatingExpenses": "389000000",
            "investmentIncomeNet": "None",
            "netInterestIncome": "-45000000",
            "interestIncome": "1000000",
            "interestExpense": "46000000",
            "nonInterestIncome": "1953000000",
            "otherNonOperatingIncome": "3000000",
            "depreciation": "56000000",
            "depreciationAndAmortization": "27000000",
            "incomeBeforeTax": "289000000",
            "incomeTaxExpense": "63000000",
            "interestAndDebtExpense": "46000000",
            "netIncomeFromContinuingOperations": "206000000",
            "comprehensiveIncomeNetOfTax": "223000000",
            "ebit": "335000000",
            "ebitda": "362000000",
            "netIncome": "226000000"
        },
        {
            "fiscalDateEnding": "2019-03-31",
            "reportedCurrency": "USD",
            "grossProfit": "647000000",
            "totalRevenue": "1891000000",
            "costOfRevenue": "1244000000",
            "costofGoodsAndServicesSold": "1244000000",
            "operatingIncome": "248000000",
            "sellingGeneralAndAdministrative": "384000000",
            "researchAndDevelopment": "None",
            "operatingExpenses": "409000000",
            "investmentIncomeNet": "None",
            "netInterestIncome": "-44000000",
            "interestIncome": "1000000",
            "interestExpense": "45000000",
            "nonInterestIncome": "1891000000",
            "otherNonOperatingIncome": "9000000",
            "depreciation": "60000000",
            "depreciationAndAmortization": "24000000",
            "incomeBeforeTax": "214000000",
            "incomeTaxExpense": "50000000",
            "interestAndDebtExpense": "45000000",
            "netIncomeFromContinuingOperations": "164000000",
            "comprehensiveIncomeNetOfTax": "168000000",
            "ebit": "259000000",
            "ebitda": "283000000",
            "netIncome": "164000000"
        },
        {
            "fiscalDateEnding": "2018-12-31",
            "reportedCurrency": "USD",
            "grossProfit": "604000000",
            "totalRevenue": "1839000000",
            "costOfRevenue": "1235000000",
            "costofGoodsAndServicesSold": "1235000000",
            "operatingIncome": "220000000",
            "sellingGeneralAndAdministrative": "356000000",
            "researchAndDevelopment": "None",
            "operatingExpenses": "32000000",
            "investmentIncomeNet": "None",
            "netInterestIncome": "-43000000",
            "interestIncome": "None",
            "interestExpense": "43000000",
            "nonInterestIncome": "1835000000",
            "otherNonOperatingIncome": "-10000000",
            "depreciation": "57000000",
            "depreciationAndAmortization": "28000000",
            "incomeBeforeTax": "167000000",
            "incomeTaxExpense": "40000000",
            "interestAndDebtExpense": "43000000",
            "netIncomeFromContinuingOperations": "127000000",
            "comprehensiveIncomeNetOfTax": "126000000",
            "ebit": "210000000",
            "ebitda": "238000000",
            "netIncome": "127000000"
        },
        {
            "fiscalDateEnding": "2018-09-30",
            "reportedCurrency": "USD",
            "grossProfit": "667000000",
            "totalRevenue": "1889000000",
            "costOfRevenue": "1222000000",
            "costofGoodsAndServicesSold": "1222000000",
            "operatingIncome": "304000000",
            "sellingGeneralAndAdministrative": "354000000",
            "researchAndDevelopment": "None",
            "operatingExpenses": "380000000",
            "investmentIncomeNet": "None",
            "netInterestIncome": "-41000000",
            "interestIncome": "None",
            "interestExpense": "42000000",
            "nonInterestIncome": "1889000000",
            "otherNonOperatingIncome": "3000000",
            "depreciation": "55000000",
            "depreciationAndAmortization": "22000000",
            "incomeBeforeTax": "261000000",
            "incomeTaxExpense": "48000000",
            "interestAndDebtExpense": "42000000",
            "netIncomeFromContinuingOperations": "213000000",
            "comprehensiveIncomeNetOfTax": "212000000",
            "ebit": "303000000",
            "ebitda": "325000000",
            "netIncome": "213000000"
        },
        {
            "fiscalDateEnding": "2018-06-30",
            "reportedCurrency": "USD",
            "grossProfit": "676000000",
            "totalRevenue": "1919000000",
            "costOfRevenue": "1243000000",
            "costofGoodsAndServicesSold": "1243000000",
            "operatingIncome": "305000000",
            "sellingGeneralAndAdministrative": "351000000",
            "researchAndDevelopment": "None",
            "operatingExpenses": "380000000",
            "investmentIncomeNet": "None",
            "netInterestIncome": "-42000000",
            "interestIncome": "None",
            "interestExpense": "43000000",
            "nonInterestIncome": "1919000000",
            "otherNonOperatingIncome": "1000000",
            "depreciation": "55000000",
            "depreciationAndAmortization": "22000000",
            "incomeBeforeTax": "261000000",
            "incomeTaxExpense": "42000000",
            "interestAndDebtExpense": "43000000",
            "netIncomeFromContinuingOperations": "219000000",
            "comprehensiveIncomeNetOfTax": "205000000",
            "ebit": "304000000",
            "ebitda": "326000000",
            "netIncome": "219000000"
        }
    ]
}