{
    "symbol": "ECL",
    "annualReports": [
        {
            "fiscalDateEnding": "2022-12-31",
            "reportedCurrency": "USD",
            "grossProfit": "1638300000",
            "totalRevenue": "14402400000",
            "costOfRevenue": "12764100000",
            "costofGoodsAndServicesSold": "8831000000",
            "operatingIncome": "1562500000",
            "sellingGeneralAndAdministrative": "3653800000",
            "researchAndDevelopment": "190000000",
            "operatingExpenses": "4161200000",
            "investmentIncomeNet": "8500000",
            "netInterestIncome": "-252100000",
            "interestIncome": "243600000",
            "interestExpense": "252100000",
            "nonInterestIncome": "14187800000",
            "otherNonOperatingIncome": "24500000",
            "depreciation": "619000000",
            "depreciationAndAmortization": "320000000",
            "incomeBeforeTax": "1343400000",
            "incomeTaxExpense": "234500000",
            "interestAndDebtExpense": "252100000",
            "netIncomeFromContinuingOperations": "1091700000",
            "comprehensiveIncomeNetOfTax": "999900000",
            "ebit": "1562500000",
            "ebitda": "1915500000",
            "netIncome": "1108900000"
        },
        {
            "fiscalDateEnding": "2021-12-31",
            "reportedCurrency": "USD",
            "grossProfit": "1646600000",
            "totalRevenue": "12885600000",
            "costOfRevenue": "11239000000",
            "costofGoodsAndServicesSold": "7615800000",
            "operatingIncome": "1598600000",
            "sellingGeneralAndAdministrative": "3416100000",
            "researchAndDevelopment": "186000000",
            "operatingExpenses": "3824200000",
            "investmentIncomeNet": "12300000",
            "netInterestIncome": "-230600000",
            "interestIncome": "185200000",
            "interestExpense": "230600000",
            "nonInterestIncome": "12703700000",
            "otherNonOperatingIncome": "33900000",
            "depreciation": "604000000",
            "depreciationAndAmortization": "239000000",
            "incomeBeforeTax": "1414200000",
            "incomeTaxExpense": "270200000",
            "interestAndDebtExpense": "260000000",
            "netIncomeFromContinuingOperations": "1129900000",
            "comprehensiveIncomeNetOfTax": "1489500000",
            "ebit": "1598600000",
            "ebitda": "1883800000",
            "netIncome": "1144000000"
        },
        {
            "fiscalDateEnding": "2020-12-31",
            "reportedCurrency": "USD",
            "grossProfit": "1288900000",
            "totalRevenue": "11764600000",
            "costOfRevenue": "10475700000",
            "costofGoodsAndServicesSold": "6905800000",
            "operatingIncome": "1395700000",
            "sellingGeneralAndAdministrative": "3309100000",
            "researchAndDevelopment": "185000000",
            "operatingExpenses": "3812600000",
            "investmentIncomeNet": "14600000",
            "netInterestIncome": "-304800000",
            "interestIncome": "290200000",
            "interestExpense": "304800000",
            "nonInterestIncome": "11713100000",
            "otherNonOperatingIncome": "55900000",
            "depreciation": "594000000",
            "depreciationAndAmortization": "219000000",
            "incomeBeforeTax": "-1008900000",
            "incomeTaxExpense": "176600000",
            "interestAndDebtExpense": "381900000",
            "netIncomeFromContinuingOperations": "967400000",
            "comprehensiveIncomeNetOfTax": "-1109800000",
            "ebit": "1395700000",
            "ebitda": "-485100000",
            "netIncome": "-1185500000"
        },
        {
            "fiscalDateEnding": "2019-12-31",
            "reportedCurrency": "USD",
            "grossProfit": "1995800000",
            "totalRevenue": "15132300000",
            "costOfRevenue": "13136500000",
            "costofGoodsAndServicesSold": "7045800000",
            "operatingIncome": "1845200000",
            "sellingGeneralAndAdministrative": "3550800000",
            "researchAndDevelopment": "190000000",
            "operatingExpenses": "4622100000",
            "investmentIncomeNet": "24100000",
            "netInterestIncome": "-215300000",
            "interestIncome": "-900000",
            "interestExpense": "214400000",
            "nonInterestIncome": "14906300000",
            "otherNonOperatingIncome": "76300000",
            "depreciation": "569100000",
            "depreciationAndAmortization": "319000000",
            "incomeBeforeTax": "1847500000",
            "incomeTaxExpense": "288600000",
            "interestAndDebtExpense": "215300000",
            "netIncomeFromContinuingOperations": "1425600000",
            "comprehensiveIncomeNetOfTax": "1292100000",
            "ebit": "1845200000",
            "ebitda": "2380900000",
            "netIncome": "1558900000"
        },
        {
            "fiscalDateEnding": "2018-12-31",
            "reportedCurrency": "USD",
            "grossProfit": "1414900000",
            "totalRevenue": "14431000000",
            "costOfRevenue": "13016100000",
            "costofGoodsAndServicesSold": "6875300000",
            "operatingIncome": "1728300000",
            "sellingGeneralAndAdministrative": "3505800000",
            "researchAndDevelopment": "193000000",
            "operatingExpenses": "4606200000",
            "investmentIncomeNet": "14900000",
            "netInterestIncome": "-237200000",
            "interestIncome": "-1700000",
            "interestExpense": "235500000",
            "nonInterestIncome": "14668200000",
            "otherNonOperatingIncome": "79900000",
            "depreciation": "535900000",
            "depreciationAndAmortization": "317000000",
            "incomeBeforeTax": "1750300000",
            "incomeTaxExpense": "321200000",
            "interestAndDebtExpense": "237200000",
            "netIncomeFromContinuingOperations": "1250300000",
            "comprehensiveIncomeNetOfTax": "1310800000",
            "ebit": "1728300000",
            "ebitda": "2302800000",
            "netIncome": "1429100000"
        }
    ],
    "quarterlyReports": [
        {
            "fiscalDateEnding": "2022-12-31",
            "reportedCurrency": "USD",
            "grossProfit": "494200000",
            "totalRevenue": "3671200000",
            "costOfRevenue": "3177000000",
            "costofGoodsAndServicesSold": "2254900000",
            "operatingIncome": "399200000",
            "sellingGeneralAndAdministrative": "922100000",
            "researchAndDevelopment": "None",
            "operatingExpenses": "922100000",
            "investmentIncomeNet": "3500000",
            "netInterestIncome": "-73000000",
            "interestIncome": "69500000",
            "interestExpense": "73000000",
            "nonInterestIncome": "3671200000",
            "otherNonOperatingIncome": "-8100000",
            "depreciation": "155600000",
            "depreciationAndAmortization": "81200000",
            "incomeBeforeTax": "643200000",
            "incomeTaxExpense": "52100000",
            "interestAndDebtExpense": "73000000",
            "netIncomeFromContinuingOperations": "264400000",
            "comprehensiveIncomeNetOfTax": "368300000",
            "ebit": "399200000",
            "ebitda": "797400000",
            "netIncome": "591100000"
        },
        {
            "fiscalDateEnding": "2022-09-30",
            "reportedCurrency": "USD",
            "grossProfit": "471600000",
            "totalRevenue": "3720700000",
            "costOfRevenue": "3249100000",
            "costofGoodsAndServicesSold": "2291600000",
            "operatingIncome": "483000000",
            "sellingGeneralAndAdministrative": "876900000",
            "researchAndDevelopment": "None",
            "operatingExpenses": "957500000",
            "investmentIncomeNet": "1600000",
            "netInterestIncome": "-66700000",
            "interestIncome": "65100000",
            "interestExpense": "66700000",
            "nonInterestIncome": "3669300000",
            "otherNonOperatingIncome": "-5700000",
            "depreciation": "152200000",
            "depreciationAndAmortization": "80600000",
            "incomeBeforeTax": "407300000",
            "incomeTaxExpense": "60200000",
            "interestAndDebtExpense": "66700000",
            "netIncomeFromContinuingOperations": "347100000",
            "comprehensiveIncomeNetOfTax": "134500000",
            "ebit": "474000000",
            "ebitda": "554600000",
            "netIncome": "347100000"
        },
        {
            "fiscalDateEnding": "2022-06-30",
            "reportedCurrency": "USD",
            "grossProfit": "408600000",
            "totalRevenue": "3638500000",
            "costOfRevenue": "3229900000",
            "costofGoodsAndServicesSold": "2211100000",
            "operatingIncome": "425800000",
            "sellingGeneralAndAdministrative": "940100000",
            "researchAndDevelopment": "None",
            "operatingExpenses": "1018800000",
            "investmentIncomeNet": "1300000",
            "netInterestIncome": "-57300000",
            "interestIncome": "1300000",
            "interestExpense": "57300000",
            "nonInterestIncome": "3580600000",
            "otherNonOperatingIncome": "19500000",
            "depreciation": "156000000",
            "depreciationAndAmortization": "78700000",
            "incomeBeforeTax": "384900000",
            "incomeTaxExpense": "76600000",
            "interestAndDebtExpense": "57300000",
            "netIncomeFromContinuingOperations": "308300000",
            "comprehensiveIncomeNetOfTax": "254000000",
            "ebit": "442200000",
            "ebitda": "520900000",
            "netIncome": "308300000"
        },
        {
            "fiscalDateEnding": "2022-03-31",
            "reportedCurrency": "USD",
            "grossProfit": "256100000",
            "totalRevenue": "3323700000",
            "costOfRevenue": "3067600000",
            "costofGoodsAndServicesSold": "2073400000",
            "operatingIncome": "254500000",
            "sellingGeneralAndAdministrative": "914700000",
            "researchAndDevelopment": "None",
            "operatingExpenses": "1016500000",
            "investmentIncomeNet": "2100000",
            "netInterestIncome": "-55100000",
            "interestIncome": "2100000",
            "interestExpense": "55100000",
            "nonInterestIncome": "3266700000",
            "otherNonOperatingIncome": "18800000",
            "depreciation": "155200000",
            "depreciationAndAmortization": "79500000",
            "incomeBeforeTax": "217500000",
            "incomeTaxExpense": "45600000",
            "interestAndDebtExpense": "55100000",
            "netIncomeFromContinuingOperations": "171900000",
            "comprehensiveIncomeNetOfTax": "243100000",
            "ebit": "272600000",
            "ebitda": "352100000",
            "netIncome": "171900000"
        },
        {
            "fiscalDateEnding": "2021-12-31",
            "reportedCurrency": "USD",
            "grossProfit": "453600000",
            "totalRevenue": "3364600000",
            "costOfRevenue": "2911000000",
            "costofGoodsAndServicesSold": "2043100000",
            "operatingIncome": "387700000",
            "sellingGeneralAndAdministrative": "867900000",
            "researchAndDevelopment": "None",
            "operatingExpenses": "867900000",
            "investmentIncomeNet": "2200000",
            "netInterestIncome": "-46800000",
            "interestIncome": "43800000",
            "interestExpense": "46800000",
            "nonInterestIncome": "3364600000",
            "otherNonOperatingIncome": "6400000",
            "depreciation": "150900000",
            "depreciationAndAmortization": "64600000",
            "incomeBeforeTax": "699000000",
            "incomeTaxExpense": "44200000",
            "interestAndDebtExpense": "46800000",
            "netIncomeFromContinuingOperations": "301000000",
            "comprehensiveIncomeNetOfTax": "399700000",
            "ebit": "387700000",
            "ebitda": "810400000",
            "netIncome": "654800000"
        },
        {
            "fiscalDateEnding": "2021-09-30",
            "reportedCurrency": "USD",
            "grossProfit": "439400000",
            "totalRevenue": "3345800000",
            "costOfRevenue": "2906400000",
            "costofGoodsAndServicesSold": "2016700000",
            "operatingIncome": "465800000",
            "sellingGeneralAndAdministrative": "832000000",
            "researchAndDevelopment": "None",
            "operatingExpenses": "889700000",
            "investmentIncomeNet": "1900000",
            "netInterestIncome": "-78300000",
            "interestIncome": "44100000",
            "interestExpense": "78300000",
            "nonInterestIncome": "3320800000",
            "otherNonOperatingIncome": "13000000",
            "depreciation": "149200000",
            "depreciationAndAmortization": "57700000",
            "incomeBeforeTax": "398300000",
            "incomeTaxExpense": "73800000",
            "interestAndDebtExpense": "78300000",
            "netIncomeFromContinuingOperations": "324500000",
            "comprehensiveIncomeNetOfTax": "301600000",
            "ebit": "476600000",
            "ebitda": "534300000",
            "netIncome": "324500000"
        },
        {
            "fiscalDateEnding": "2021-06-30",
            "reportedCurrency": "USD",
            "grossProfit": "467100000",
            "totalRevenue": "3216600000",
            "costOfRevenue": "2749500000",
            "costofGoodsAndServicesSold": "1844000000",
            "operatingIncome": "447800000",
            "sellingGeneralAndAdministrative": "853300000",
            "researchAndDevelopment": "None",
            "operatingExpenses": "905500000",
            "investmentIncomeNet": "6100000",
            "netInterestIncome": "-51700000",
            "interestIncome": "45600000",
            "interestExpense": "51700000",
            "nonInterestIncome": "3162700000",
            "otherNonOperatingIncome": "-2500000",
            "depreciation": "153200000",
            "depreciationAndAmortization": "52200000",
            "incomeBeforeTax": "396900000",
            "incomeTaxExpense": "86100000",
            "interestAndDebtExpense": "51700000",
            "netIncomeFromContinuingOperations": "310800000",
            "comprehensiveIncomeNetOfTax": "514700000",
            "ebit": "448600000",
            "ebitda": "500800000",
            "netIncome": "310800000"
        },
        {
            "fiscalDateEnding": "2021-03-31",
            "reportedCurrency": "USD",
            "grossProfit": "289100000",
            "totalRevenue": "2928500000",
            "costOfRevenue": "2639400000",
            "costofGoodsAndServicesSold": "1712000000",
            "operatingIncome": "297300000",
            "sellingGeneralAndAdministrative": "862900000",
            "researchAndDevelopment": "None",
            "operatingExpenses": "932800000",
            "investmentIncomeNet": "2100000",
            "netInterestIncome": "-53800000",
            "interestIncome": "51700000",
            "interestExpense": "53800000",
            "nonInterestIncome": "2885000000",
            "otherNonOperatingIncome": "17000000",
            "depreciation": "150700000",
            "depreciationAndAmortization": "64500000",
            "incomeBeforeTax": "259700000",
            "incomeTaxExpense": "66100000",
            "interestAndDebtExpense": "53800000",
            "netIncomeFromContinuingOperations": "193600000",
            "comprehensiveIncomeNetOfTax": "273500000",
            "ebit": "313500000",
            "ebitda": "378000000",
            "netIncome": "193600000"
        },
        {
            "fiscalDateEnding": "2020-12-31",
            "reportedCurrency": "USD",
            "grossProfit": "475400000",
            "totalRevenue": "3065300000",
            "costOfRevenue": "2589900000",
            "costofGoodsAndServicesSold": "1780300000",
            "operatingIncome": "416100000",
            "sellingGeneralAndAdministrative": "809600000",
            "researchAndDevelopment": "None",
            "operatingExpenses": "809600000",
            "investmentIncomeNet": "3000000",
            "netInterestIncome": "-51400000",
            "interestIncome": "48400000",
            "interestExpense": "51400000",
            "nonInterestIncome": "3065300000",
            "otherNonOperatingIncome": "10500000",
            "depreciation": "150900000",
            "depreciationAndAmortization": "56900000",
            "incomeBeforeTax": "756000000",
            "incomeTaxExpense": "73100000",
            "interestAndDebtExpense": "51400000",
            "netIncomeFromContinuingOperations": "300300000",
            "comprehensiveIncomeNetOfTax": "250500000",
            "ebit": "416100000",
            "ebitda": "864300000",
            "netIncome": "682900000"
        },
        {
            "fiscalDateEnding": "2020-09-30",
            "reportedCurrency": "USD",
            "grossProfit": "333400000",
            "totalRevenue": "2964500000",
            "costOfRevenue": "2631100000",
            "costofGoodsAndServicesSold": "1769600000",
            "operatingIncome": "411400000",
            "sellingGeneralAndAdministrative": "802600000",
            "researchAndDevelopment": "None",
            "operatingExpenses": "861500000",
            "investmentIncomeNet": "4200000",
            "netInterestIncome": "-139000000",
            "interestIncome": "51700000",
            "interestExpense": "139000000",
            "nonInterestIncome": "3018600000",
            "otherNonOperatingIncome": "15100000",
            "depreciation": "150100000",
            "depreciationAndAmortization": "58900000",
            "incomeBeforeTax": "291700000",
            "incomeTaxExpense": "42400000",
            "interestAndDebtExpense": "139000000",
            "netIncomeFromContinuingOperations": "246200000",
            "comprehensiveIncomeNetOfTax": "267100000",
            "ebit": "411400000",
            "ebitda": "489600000",
            "netIncome": "249300000"
        },
        {
            "fiscalDateEnding": "2020-06-30",
            "reportedCurrency": "USD",
            "grossProfit": "214200000",
            "totalRevenue": "2689300000",
            "costOfRevenue": "2475100000",
            "costofGoodsAndServicesSold": "1635700000",
            "operatingIncome": "192000000",
            "sellingGeneralAndAdministrative": "788600000",
            "researchAndDevelopment": "None",
            "operatingExpenses": "839400000",
            "investmentIncomeNet": "3100000",
            "netInterestIncome": "-61800000",
            "interestIncome": "3100000",
            "interestExpense": "61800000",
            "nonInterestIncome": "2685700000",
            "otherNonOperatingIncome": "15100000",
            "depreciation": "146600000",
            "depreciationAndAmortization": "50800000",
            "incomeBeforeTax": "-2015800000",
            "incomeTaxExpense": "14100000",
            "interestAndDebtExpense": "61800000",
            "netIncomeFromContinuingOperations": "128900000",
            "comprehensiveIncomeNetOfTax": "-1886700000",
            "ebit": "192000000",
            "ebitda": "-1903200000",
            "netIncome": "-2029900000"
        },
        {
            "fiscalDateEnding": "2020-03-31",
            "reportedCurrency": "USD",
            "grossProfit": "418600000",
            "totalRevenue": "3637100000",
            "costOfRevenue": "3218500000",
            "costofGoodsAndServicesSold": "1720200000",
            "operatingIncome": "376200000",
            "sellingGeneralAndAdministrative": "908300000",
            "researchAndDevelopment": "None",
            "operatingExpenses": "1117800000",
            "investmentIncomeNet": "4600000",
            "netInterestIncome": "-52700000",
            "interestIncome": "-200000",
            "interestExpense": "52500000",
            "nonInterestIncome": "3581400000",
            "otherNonOperatingIncome": "15200000",
            "depreciation": "146400000",
            "depreciationAndAmortization": "80300000",
            "incomeBeforeTax": "330400000",
            "incomeTaxExpense": "47000000",
            "interestAndDebtExpense": "52700000",
            "netIncomeFromContinuingOperations": "292000000",
            "comprehensiveIncomeNetOfTax": "259400000",
            "ebit": "376200000",
            "ebitda": "463200000",
            "netIncome": "283400000"
        },
        {
            "fiscalDateEnding": "2019-12-31",
            "reportedCurrency": "USD",
            "grossProfit": "621400000",
            "totalRevenue": "3823600000",
            "costOfRevenue": "3202200000",
            "costofGoodsAndServicesSold": "1809100000",
            "operatingIncome": "518200000",
            "sellingGeneralAndAdministrative": "885500000",
            "researchAndDevelopment": "None",
            "operatingExpenses": "984000000",
            "investmentIncomeNet": "5000000",
            "netInterestIncome": "-51200000",
            "interestIncome": "-200000",
            "interestExpense": "51000000",
            "nonInterestIncome": "3823600000",
            "otherNonOperatingIncome": "13400000",
            "depreciation": "145200000",
            "depreciationAndAmortization": "78800000",
            "incomeBeforeTax": "516100000",
            "incomeTaxExpense": "86500000",
            "interestAndDebtExpense": "51200000",
            "netIncomeFromContinuingOperations": "394700000",
            "comprehensiveIncomeNetOfTax": "224600000",
            "ebit": "518200000",
            "ebitda": "645900000",
            "netIncome": "429600000"
        },
        {
            "fiscalDateEnding": "2019-09-30",
            "reportedCurrency": "USD",
            "grossProfit": "515300000",
            "totalRevenue": "3764900000",
            "costOfRevenue": "3249600000",
            "costofGoodsAndServicesSold": "1780900000",
            "operatingIncome": "549000000",
            "sellingGeneralAndAdministrative": "869200000",
            "researchAndDevelopment": "None",
            "operatingExpenses": "1042200000",
            "investmentIncomeNet": "6900000",
            "netInterestIncome": "-53000000",
            "interestIncome": "-100000",
            "interestExpense": "52900000",
            "nonInterestIncome": "3817900000",
            "otherNonOperatingIncome": "20800000",
            "depreciation": "142700000",
            "depreciationAndAmortization": "79700000",
            "incomeBeforeTax": "547600000",
            "incomeTaxExpense": "83400000",
            "interestAndDebtExpense": "53000000",
            "netIncomeFromContinuingOperations": "435900000",
            "comprehensiveIncomeNetOfTax": "415900000",
            "ebit": "549000000",
            "ebitda": "680200000",
            "netIncome": "464200000"
        },
        {
            "fiscalDateEnding": "2019-06-30",
            "reportedCurrency": "USD",
            "grossProfit": "412900000",
            "totalRevenue": "3704500000",
            "costOfRevenue": "3291600000",
            "costofGoodsAndServicesSold": "1780300000",
            "operatingIncome": "464400000",
            "sellingGeneralAndAdministrative": "900000000",
            "researchAndDevelopment": "None",
            "operatingExpenses": "1083400000",
            "investmentIncomeNet": "5400000",
            "netInterestIncome": "-54900000",
            "interestIncome": "-400000",
            "interestExpense": "54500000",
            "nonInterestIncome": "3759400000",
            "otherNonOperatingIncome": "20900000",
            "depreciation": "122200000",
            "depreciationAndAmortization": "80700000",
            "incomeBeforeTax": "457400000",
            "incomeTaxExpense": "88800000",
            "interestAndDebtExpense": "54900000",
            "netIncomeFromContinuingOperations": "343400000",
            "comprehensiveIncomeNetOfTax": "267100000",
            "ebit": "464400000",
            "ebitda": "592600000",
            "netIncome": "368600000"
        },
        {
            "fiscalDateEnding": "2019-03-31",
            "reportedCurrency": "USD",
            "grossProfit": "334000000",
            "totalRevenue": "3552200000",
            "costOfRevenue": "3218200000",
            "costofGoodsAndServicesSold": "1675500000",
            "operatingIncome": "313600000",
            "sellingGeneralAndAdministrative": "896100000",
            "researchAndDevelopment": "None",
            "operatingExpenses": "1121500000",
            "investmentIncomeNet": "6700000",
            "netInterestIncome": "-56100000",
            "interestIncome": "6700000",
            "interestExpense": "56100000",
            "nonInterestIncome": "3608300000",
            "otherNonOperatingIncome": "21200000",
            "depreciation": "159000000",
            "depreciationAndAmortization": "79800000",
            "incomeBeforeTax": "326400000",
            "incomeTaxExpense": "29900000",
            "interestAndDebtExpense": "56100000",
            "netIncomeFromContinuingOperations": "251600000",
            "comprehensiveIncomeNetOfTax": "384500000",
            "ebit": "313600000",
            "ebitda": "462300000",
            "netIncome": "296500000"
        },
        {
            "fiscalDateEnding": "2018-12-31",
            "reportedCurrency": "USD",
            "grossProfit": "594900000",
            "totalRevenue": "3760500000",
            "costOfRevenue": "3165600000",
            "costofGoodsAndServicesSold": "2216800000",
            "operatingIncome": "581900000",
            "sellingGeneralAndAdministrative": "948800000",
            "researchAndDevelopment": "216000000",
            "operatingExpenses": "948800000",
            "investmentIncomeNet": "3800000",
            "netInterestIncome": "-57700000",
            "interestIncome": "-1700000",
            "interestExpense": "56000000",
            "nonInterestIncome": "3760500000",
            "otherNonOperatingIncome": "19900000",
            "depreciation": "74400000",
            "depreciationAndAmortization": "78100000",
            "incomeBeforeTax": "542800000",
            "incomeTaxExpense": "147700000",
            "interestAndDebtExpense": "57700000",
            "netIncomeFromContinuingOperations": "210200000",
            "comprehensiveIncomeNetOfTax": "398800000",
            "ebit": "581900000",
            "ebitda": "676900000",
            "netIncome": "395100000"
        },
        {
            "fiscalDateEnding": "2018-09-30",
            "reportedCurrency": "USD",
            "grossProfit": "454900000",
            "totalRevenue": "3688900000",
            "costOfRevenue": "3234000000",
            "costofGoodsAndServicesSold": "2190700000",
            "operatingIncome": "516200000",
            "sellingGeneralAndAdministrative": "964700000",
            "researchAndDevelopment": "None",
            "operatingExpenses": "1033800000",
            "investmentIncomeNet": "2600000",
            "netInterestIncome": "-58300000",
            "interestIncome": "None",
            "interestExpense": "58300000",
            "nonInterestIncome": "3747200000",
            "otherNonOperatingIncome": "21000000",
            "depreciation": "156000000",
            "depreciationAndAmortization": "78600000",
            "incomeBeforeTax": "478600000",
            "incomeTaxExpense": "43200000",
            "interestAndDebtExpense": "58300000",
            "netIncomeFromContinuingOperations": "438300000",
            "comprehensiveIncomeNetOfTax": "262700000",
            "ebit": "516200000",
            "ebitda": "615500000",
            "netIncome": "435400000"
        },
        {
            "fiscalDateEnding": "2018-06-30",
            "reportedCurrency": "USD",
            "grossProfit": "366400000",
            "totalRevenue": "3629400000",
            "costOfRevenue": "3263000000",
            "costofGoodsAndServicesSold": "2146100000",
            "operatingIncome": "494600000",
            "sellingGeneralAndAdministrative": "1036800000",
            "researchAndDevelopment": "None",
            "operatingExpenses": "1106900000",
            "investmentIncomeNet": "3900000",
            "netInterestIncome": "-60200000",
            "interestIncome": "None",
            "interestExpense": "60200000",
            "nonInterestIncome": "3689600000",
            "otherNonOperatingIncome": "19600000",
            "depreciation": "154600000",
            "depreciationAndAmortization": "80100000",
            "incomeBeforeTax": "455600000",
            "incomeTaxExpense": "104300000",
            "interestAndDebtExpense": "60200000",
            "netIncomeFromContinuingOperations": "353600000",
            "comprehensiveIncomeNetOfTax": "316900000",
            "ebit": "494600000",
            "ebitda": "595900000",
            "netIncome": "351300000"
        },
        {
            "fiscalDateEnding": "2018-03-31",
            "reportedCurrency": "USD",
            "grossProfit": "239100000",
            "totalRevenue": "3409900000",
            "costOfRevenue": "3170800000",
            "costofGoodsAndServicesSold": "2072300000",
            "operatingIncome": "354300000",
            "sellingGeneralAndAdministrative": "1018300000",
            "researchAndDevelopment": "None",
            "operatingExpenses": "1088700000",
            "investmentIncomeNet": "4600000",
            "netInterestIncome": "-61000000",
            "interestIncome": "None",
            "interestExpense": "61000000",
            "nonInterestIncome": "3470900000",
            "otherNonOperatingIncome": "19400000",
            "depreciation": "150900000",
            "depreciationAndAmortization": "80200000",
            "incomeBeforeTax": "316400000",
            "incomeTaxExpense": "69100000",
            "interestAndDebtExpense": "61000000",
            "netIncomeFromContinuingOperations": "248200000",
            "comprehensiveIncomeNetOfTax": "332400000",
            "ebit": "354300000",
            "ebitda": "457600000",
            "netIncome": "247300000"
        }
    ]
}