{
    "symbol": "EVRG",
    "annualReports": [
        {
            "fiscalDateEnding": "2022-12-31",
            "reportedCurrency": "USD",
            "grossProfit": "4468500000",
            "totalRevenue": "5859100000",
            "costOfRevenue": "1390600000",
            "costofGoodsAndServicesSold": "2906500000",
            "operatingIncome": "1267200000",
            "sellingGeneralAndAdministrative": "416900000",
            "researchAndDevelopment": "None",
            "operatingExpenses": "1406700000",
            "investmentIncomeNet": "None",
            "netInterestIncome": "-404000000",
            "interestIncome": "None",
            "interestExpense": "404000000",
            "nonInterestIncome": "5673800000",
            "otherNonOperatingIncome": "-67400000",
            "depreciation": "836100000",
            "depreciationAndAmortization": "929400000",
            "incomeBeforeTax": "800200000",
            "incomeTaxExpense": "47500000",
            "interestAndDebtExpense": "404000000",
            "netIncomeFromContinuingOperations": "765000000",
            "comprehensiveIncomeNetOfTax": "762200000",
            "ebit": "1204200000",
            "ebitda": "2133600000",
            "netIncome": "752700000"
        },
        {
            "fiscalDateEnding": "2021-12-31",
            "reportedCurrency": "USD",
            "grossProfit": "4250800000",
            "totalRevenue": "5586700000",
            "costOfRevenue": "1335900000",
            "costofGoodsAndServicesSold": "2954900000",
            "operatingIncome": "1354900000",
            "sellingGeneralAndAdministrative": "396100000",
            "researchAndDevelopment": "None",
            "operatingExpenses": "1363900000",
            "investmentIncomeNet": "None",
            "netInterestIncome": "-372600000",
            "interestIncome": "None",
            "interestExpense": "372600000",
            "nonInterestIncome": "5329100000",
            "otherNonOperatingIncome": "-41100000",
            "depreciation": "813600000",
            "depreciationAndAmortization": "896400000",
            "incomeBeforeTax": "997100000",
            "incomeTaxExpense": "117400000",
            "interestAndDebtExpense": "372600000",
            "netIncomeFromContinuingOperations": "891900000",
            "comprehensiveIncomeNetOfTax": "885100000",
            "ebit": "1369700000",
            "ebitda": "2266100000",
            "netIncome": "879700000"
        },
        {
            "fiscalDateEnding": "2020-12-31",
            "reportedCurrency": "USD",
            "grossProfit": "3616700000",
            "totalRevenue": "4913400000",
            "costOfRevenue": "1296700000",
            "costofGoodsAndServicesSold": "2525200000",
            "operatingIncome": "1143900000",
            "sellingGeneralAndAdministrative": "379700000",
            "researchAndDevelopment": "None",
            "operatingExpenses": "1321600000",
            "investmentIncomeNet": "None",
            "netInterestIncome": "-383900000",
            "interestIncome": "None",
            "interestExpense": "383900000",
            "nonInterestIncome": "4781600000",
            "otherNonOperatingIncome": "-46900000",
            "depreciation": "804700000",
            "depreciationAndAmortization": "880100000",
            "incomeBeforeTax": "720500000",
            "incomeTaxExpense": "102200000",
            "interestAndDebtExpense": "383900000",
            "netIncomeFromContinuingOperations": "630000000",
            "comprehensiveIncomeNetOfTax": "618900000",
            "ebit": "1104400000",
            "ebitda": "1984500000",
            "netIncome": "618300000"
        },
        {
            "fiscalDateEnding": "2019-12-31",
            "reportedCurrency": "USD",
            "grossProfit": "3878000000",
            "totalRevenue": "5147800000",
            "costOfRevenue": "1269800000",
            "costofGoodsAndServicesSold": "2734800000",
            "operatingIncome": "1185800000",
            "sellingGeneralAndAdministrative": "381000000",
            "researchAndDevelopment": "None",
            "operatingExpenses": "1269800000",
            "investmentIncomeNet": "None",
            "netInterestIncome": "-374000000",
            "interestIncome": "363000000",
            "interestExpense": "374000000",
            "nonInterestIncome": "5019600000",
            "otherNonOperatingIncome": "-50000000",
            "depreciation": "786300000",
            "depreciationAndAmortization": "861700000",
            "incomeBeforeTax": "766900000",
            "incomeTaxExpense": "97000000",
            "interestAndDebtExpense": "374000000",
            "netIncomeFromContinuingOperations": "685600000",
            "comprehensiveIncomeNetOfTax": "622900000",
            "ebit": "1140900000",
            "ebitda": "2002600000",
            "netIncome": "669900000"
        },
        {
            "fiscalDateEnding": "2018-12-31",
            "reportedCurrency": "USD",
            "grossProfit": "3297900000",
            "totalRevenue": "4275900000",
            "costOfRevenue": "978000000",
            "costofGoodsAndServicesSold": "2454400000",
            "operatingIncome": "933600000",
            "sellingGeneralAndAdministrative": "324300000",
            "researchAndDevelopment": "None",
            "operatingExpenses": "978000000",
            "investmentIncomeNet": "None",
            "netInterestIncome": "-279600000",
            "interestIncome": "270800000",
            "interestExpense": "279600000",
            "nonInterestIncome": "4224000000",
            "otherNonOperatingIncome": "-63200000",
            "depreciation": "567900000",
            "depreciationAndAmortization": "618800000",
            "incomeBeforeTax": "594800000",
            "incomeTaxExpense": "59000000",
            "interestAndDebtExpense": "279600000",
            "netIncomeFromContinuingOperations": "546000000",
            "comprehensiveIncomeNetOfTax": "532800000",
            "ebit": "874400000",
            "ebitda": "1493200000",
            "netIncome": "535800000"
        }
    ],
    "quarterlyReports": [
        {
            "fiscalDateEnding": "2022-12-31",
            "reportedCurrency": "USD",
            "grossProfit": "892200000",
            "totalRevenue": "1279600000",
            "costOfRevenue": "387400000",
            "costofGoodsAndServicesSold": "497200000",
            "operatingIncome": "100200000",
            "sellingGeneralAndAdministrative": "114000000",
            "researchAndDevelopment": "None",
            "operatingExpenses": "398600000",
            "investmentIncomeNet": "None",
            "netInterestIncome": "-110600000",
            "interestIncome": "None",
            "interestExpense": "110600000",
            "nonInterestIncome": "1313000000",
            "otherNonOperatingIncome": "-23200000",
            "depreciation": "None",
            "depreciationAndAmortization": "235100000",
            "incomeBeforeTax": "-28100000",
            "incomeTaxExpense": "-35600000",
            "interestAndDebtExpense": "110600000",
            "netIncomeFromContinuingOperations": "10600000",
            "comprehensiveIncomeNetOfTax": "12800000",
            "ebit": "82500000",
            "ebitda": "317600000",
            "netIncome": "7500000"
        },
        {
            "fiscalDateEnding": "2022-09-30",
            "reportedCurrency": "USD",
            "grossProfit": "1569200000",
            "totalRevenue": "1909100000",
            "costOfRevenue": "339900000",
            "costofGoodsAndServicesSold": "990800000",
            "operatingIncome": "578400000",
            "sellingGeneralAndAdministrative": "100700000",
            "researchAndDevelopment": "None",
            "operatingExpenses": "339900000",
            "investmentIncomeNet": "None",
            "netInterestIncome": "-102300000",
            "interestIncome": "None",
            "interestExpense": "102300000",
            "nonInterestIncome": "1846700000",
            "otherNonOperatingIncome": "-10500000",
            "depreciation": "None",
            "depreciationAndAmortization": "233200000",
            "incomeBeforeTax": "477700000",
            "incomeTaxExpense": "49500000",
            "interestAndDebtExpense": "102300000",
            "netIncomeFromContinuingOperations": "431200000",
            "comprehensiveIncomeNetOfTax": "429600000",
            "ebit": "580000000",
            "ebitda": "813200000",
            "netIncome": "428200000"
        },
        {
            "fiscalDateEnding": "2022-06-30",
            "reportedCurrency": "USD",
            "grossProfit": "1114100000",
            "totalRevenue": "1446500000",
            "costOfRevenue": "332400000",
            "costofGoodsAndServicesSold": "778600000",
            "operatingIncome": "335500000",
            "sellingGeneralAndAdministrative": "100300000",
            "researchAndDevelopment": "None",
            "operatingExpenses": "332400000",
            "investmentIncomeNet": "None",
            "netInterestIncome": "-99300000",
            "interestIncome": "None",
            "interestExpense": "99300000",
            "nonInterestIncome": "1346700000",
            "otherNonOperatingIncome": "-17000000",
            "depreciation": "None",
            "depreciationAndAmortization": "232100000",
            "incomeBeforeTax": "216600000",
            "incomeTaxExpense": "22100000",
            "interestAndDebtExpense": "99300000",
            "netIncomeFromContinuingOperations": "197600000",
            "comprehensiveIncomeNetOfTax": "195900000",
            "ebit": "315900000",
            "ebitda": "548000000",
            "netIncome": "194500000"
        },
        {
            "fiscalDateEnding": "2022-03-31",
            "reportedCurrency": "USD",
            "grossProfit": "893000000",
            "totalRevenue": "1223900000",
            "costOfRevenue": "330900000",
            "costofGoodsAndServicesSold": "639900000",
            "operatingIncome": "253100000",
            "sellingGeneralAndAdministrative": "101900000",
            "researchAndDevelopment": "None",
            "operatingExpenses": "326800000",
            "investmentIncomeNet": "None",
            "netInterestIncome": "-91800000",
            "interestIncome": "None",
            "interestExpense": "91800000",
            "nonInterestIncome": "1167400000",
            "otherNonOperatingIncome": "-16700000",
            "depreciation": "None",
            "depreciationAndAmortization": "229000000",
            "incomeBeforeTax": "134000000",
            "incomeTaxExpense": "11500000",
            "interestAndDebtExpense": "91800000",
            "netIncomeFromContinuingOperations": "125600000",
            "comprehensiveIncomeNetOfTax": "123900000",
            "ebit": "225800000",
            "ebitda": "454800000",
            "netIncome": "122500000"
        },
        {
            "fiscalDateEnding": "2021-12-31",
            "reportedCurrency": "USD",
            "grossProfit": "744700000",
            "totalRevenue": "1122100000",
            "costOfRevenue": "377400000",
            "costofGoodsAndServicesSold": "662500000",
            "operatingIncome": "141200000",
            "sellingGeneralAndAdministrative": "107100000",
            "researchAndDevelopment": "None",
            "operatingExpenses": "397800000",
            "investmentIncomeNet": "None",
            "netInterestIncome": "-91200000",
            "interestIncome": "None",
            "interestExpense": "91200000",
            "nonInterestIncome": "1078500000",
            "otherNonOperatingIncome": "-19100000",
            "depreciation": "None",
            "depreciationAndAmortization": "226900000",
            "incomeBeforeTax": "71000000",
            "incomeTaxExpense": "17600000",
            "interestAndDebtExpense": "91200000",
            "netIncomeFromContinuingOperations": "56500000",
            "comprehensiveIncomeNetOfTax": "54700000",
            "ebit": "162200000",
            "ebitda": "389100000",
            "netIncome": "53400000"
        },
        {
            "fiscalDateEnding": "2021-09-30",
            "reportedCurrency": "USD",
            "grossProfit": "1295300000",
            "totalRevenue": "1616500000",
            "costOfRevenue": "321200000",
            "costofGoodsAndServicesSold": "694600000",
            "operatingIncome": "600700000",
            "sellingGeneralAndAdministrative": "96200000",
            "researchAndDevelopment": "None",
            "operatingExpenses": "321200000",
            "investmentIncomeNet": "None",
            "netInterestIncome": "-93600000",
            "interestIncome": "None",
            "interestExpense": "93600000",
            "nonInterestIncome": "1580100000",
            "otherNonOperatingIncome": "-8200000",
            "depreciation": "None",
            "depreciationAndAmortization": "225000000",
            "incomeBeforeTax": "506600000",
            "incomeTaxExpense": "57200000",
            "interestAndDebtExpense": "93600000",
            "netIncomeFromContinuingOperations": "452500000",
            "comprehensiveIncomeNetOfTax": "450700000",
            "ebit": "600200000",
            "ebitda": "825200000",
            "netIncome": "449400000"
        },
        {
            "fiscalDateEnding": "2021-06-30",
            "reportedCurrency": "USD",
            "grossProfit": "913100000",
            "totalRevenue": "1236200000",
            "costOfRevenue": "323100000",
            "costofGoodsAndServicesSold": "617800000",
            "operatingIncome": "295300000",
            "sellingGeneralAndAdministrative": "97900000",
            "researchAndDevelopment": "None",
            "operatingExpenses": "323100000",
            "investmentIncomeNet": "None",
            "netInterestIncome": "-93800000",
            "interestIncome": "None",
            "interestExpense": "93800000",
            "nonInterestIncome": "1208100000",
            "otherNonOperatingIncome": "-4100000",
            "depreciation": "None",
            "depreciationAndAmortization": "225200000",
            "incomeBeforeTax": "204900000",
            "incomeTaxExpense": "19600000",
            "interestAndDebtExpense": "93800000",
            "netIncomeFromContinuingOperations": "188300000",
            "comprehensiveIncomeNetOfTax": "186700000",
            "ebit": "298700000",
            "ebitda": "523900000",
            "netIncome": "185300000"
        },
        {
            "fiscalDateEnding": "2021-03-31",
            "reportedCurrency": "USD",
            "grossProfit": "1297700000",
            "totalRevenue": "1611900000",
            "costOfRevenue": "314200000",
            "costofGoodsAndServicesSold": "980000000",
            "operatingIncome": "317700000",
            "sellingGeneralAndAdministrative": "94900000",
            "researchAndDevelopment": "None",
            "operatingExpenses": "319000000",
            "investmentIncomeNet": "None",
            "netInterestIncome": "-94000000",
            "interestIncome": "None",
            "interestExpense": "94000000",
            "nonInterestIncome": "1462400000",
            "otherNonOperatingIncome": "-9700000",
            "depreciation": "None",
            "depreciationAndAmortization": "219300000",
            "incomeBeforeTax": "214600000",
            "incomeTaxExpense": "23000000",
            "interestAndDebtExpense": "94000000",
            "netIncomeFromContinuingOperations": "194600000",
            "comprehensiveIncomeNetOfTax": "193000000",
            "ebit": "308600000",
            "ebitda": "527900000",
            "netIncome": "191600000"
        },
        {
            "fiscalDateEnding": "2020-12-31",
            "reportedCurrency": "USD",
            "grossProfit": "1094400000",
            "totalRevenue": "1094400000",
            "costOfRevenue": "335700000",
            "costofGoodsAndServicesSold": "629400000",
            "operatingIncome": "153000000",
            "sellingGeneralAndAdministrative": "105500000",
            "researchAndDevelopment": "None",
            "operatingExpenses": "345100000",
            "investmentIncomeNet": "None",
            "netInterestIncome": "-93400000",
            "interestIncome": "None",
            "interestExpense": "93400000",
            "nonInterestIncome": "1066100000",
            "otherNonOperatingIncome": "-6200000",
            "depreciation": "None",
            "depreciationAndAmortization": "222000000",
            "incomeBeforeTax": "59400000",
            "incomeTaxExpense": "8400000",
            "interestAndDebtExpense": "93400000",
            "netIncomeFromContinuingOperations": "153000000",
            "comprehensiveIncomeNetOfTax": "50000000",
            "ebit": "152800000",
            "ebitda": "374800000",
            "netIncome": "51000000"
        },
        {
            "fiscalDateEnding": "2020-09-30",
            "reportedCurrency": "USD",
            "grossProfit": "1208600000",
            "totalRevenue": "1517600000",
            "costOfRevenue": "309000000",
            "costofGoodsAndServicesSold": "686900000",
            "operatingIncome": "521700000",
            "sellingGeneralAndAdministrative": "91000000",
            "researchAndDevelopment": "None",
            "operatingExpenses": "309000000",
            "investmentIncomeNet": "None",
            "netInterestIncome": "-94800000",
            "interestIncome": "None",
            "interestExpense": "94800000",
            "nonInterestIncome": "1483500000",
            "otherNonOperatingIncome": "-13000000",
            "depreciation": "None",
            "depreciationAndAmortization": "218000000",
            "incomeBeforeTax": "414500000",
            "incomeTaxExpense": "50000000",
            "interestAndDebtExpense": "94800000",
            "netIncomeFromContinuingOperations": "367500000",
            "comprehensiveIncomeNetOfTax": "365900000",
            "ebit": "509300000",
            "ebitda": "727300000",
            "netIncome": "364500000"
        },
        {
            "fiscalDateEnding": "2020-06-30",
            "reportedCurrency": "USD",
            "grossProfit": "872200000",
            "totalRevenue": "1184700000",
            "costOfRevenue": "312500000",
            "costofGoodsAndServicesSold": "600500000",
            "operatingIncome": "271700000",
            "sellingGeneralAndAdministrative": "90900000",
            "researchAndDevelopment": "None",
            "operatingExpenses": "312500000",
            "investmentIncomeNet": "None",
            "netInterestIncome": "-99500000",
            "interestIncome": "None",
            "interestExpense": "99500000",
            "nonInterestIncome": "1146100000",
            "otherNonOperatingIncome": "-7300000",
            "depreciation": "None",
            "depreciationAndAmortization": "221600000",
            "incomeBeforeTax": "167100000",
            "incomeTaxExpense": "33700000",
            "interestAndDebtExpense": "99500000",
            "netIncomeFromContinuingOperations": "136300000",
            "comprehensiveIncomeNetOfTax": "132300000",
            "ebit": "266600000",
            "ebitda": "488200000",
            "netIncome": "133400000"
        },
        {
            "fiscalDateEnding": "2020-03-31",
            "reportedCurrency": "USD",
            "grossProfit": "805900000",
            "totalRevenue": "1116700000",
            "costOfRevenue": "310800000",
            "costofGoodsAndServicesSold": "608400000",
            "operatingIncome": "197500000",
            "sellingGeneralAndAdministrative": "92300000",
            "researchAndDevelopment": "None",
            "operatingExpenses": "313500000",
            "investmentIncomeNet": "None",
            "netInterestIncome": "-96200000",
            "interestIncome": "97000000",
            "interestExpense": "96200000",
            "nonInterestIncome": "1085900000",
            "otherNonOperatingIncome": "-20400000",
            "depreciation": "None",
            "depreciationAndAmortization": "218500000",
            "incomeBeforeTax": "79500000",
            "incomeTaxExpense": "10100000",
            "interestAndDebtExpense": "96200000",
            "netIncomeFromContinuingOperations": "72200000",
            "comprehensiveIncomeNetOfTax": "70700000",
            "ebit": "175700000",
            "ebitda": "394200000",
            "netIncome": "69400000"
        },
        {
            "fiscalDateEnding": "2019-12-31",
            "reportedCurrency": "USD",
            "grossProfit": "1131600000",
            "totalRevenue": "1131600000",
            "costOfRevenue": "348300000",
            "costofGoodsAndServicesSold": "660100000",
            "operatingIncome": "165800000",
            "sellingGeneralAndAdministrative": "104600000",
            "researchAndDevelopment": "None",
            "operatingExpenses": "348300000",
            "investmentIncomeNet": "None",
            "netInterestIncome": "-96700000",
            "interestIncome": "93300000",
            "interestExpense": "96700000",
            "nonInterestIncome": "1073800000",
            "otherNonOperatingIncome": "-9900000",
            "depreciation": "None",
            "depreciationAndAmortization": "216600000",
            "incomeBeforeTax": "61700000",
            "incomeTaxExpense": "-2200000",
            "interestAndDebtExpense": "96700000",
            "netIncomeFromContinuingOperations": "165800000",
            "comprehensiveIncomeNetOfTax": "64600000",
            "ebit": "158400000",
            "ebitda": "375000000",
            "netIncome": "63900000"
        },
        {
            "fiscalDateEnding": "2019-09-30",
            "reportedCurrency": "USD",
            "grossProfit": "1270000000",
            "totalRevenue": "1577600000",
            "costOfRevenue": "307600000",
            "costofGoodsAndServicesSold": "731300000",
            "operatingIncome": "538700000",
            "sellingGeneralAndAdministrative": "91500000",
            "researchAndDevelopment": "None",
            "operatingExpenses": "307600000",
            "investmentIncomeNet": "None",
            "netInterestIncome": "-90800000",
            "interestIncome": "89000000",
            "interestExpense": "90800000",
            "nonInterestIncome": "1566300000",
            "otherNonOperatingIncome": "-16900000",
            "depreciation": "None",
            "depreciationAndAmortization": "216100000",
            "incomeBeforeTax": "432300000",
            "incomeTaxExpense": "65500000",
            "interestAndDebtExpense": "90800000",
            "netIncomeFromContinuingOperations": "370900000",
            "comprehensiveIncomeNetOfTax": "345100000",
            "ebit": "523100000",
            "ebitda": "739200000",
            "netIncome": "366800000"
        },
        {
            "fiscalDateEnding": "2019-06-30",
            "reportedCurrency": "USD",
            "grossProfit": "914700000",
            "totalRevenue": "1221700000",
            "costOfRevenue": "307000000",
            "costofGoodsAndServicesSold": "643000000",
            "operatingIncome": "271700000",
            "sellingGeneralAndAdministrative": "91600000",
            "researchAndDevelopment": "None",
            "operatingExpenses": "307000000",
            "investmentIncomeNet": "None",
            "netInterestIncome": "-95400000",
            "interestIncome": "92800000",
            "interestExpense": "95400000",
            "nonInterestIncome": "1194400000",
            "otherNonOperatingIncome": "-12000000",
            "depreciation": "None",
            "depreciationAndAmortization": "215400000",
            "incomeBeforeTax": "164100000",
            "incomeTaxExpense": "24400000",
            "interestAndDebtExpense": "95400000",
            "netIncomeFromContinuingOperations": "144600000",
            "comprehensiveIncomeNetOfTax": "123900000",
            "ebit": "259500000",
            "ebitda": "474900000",
            "netIncome": "139700000"
        },
        {
            "fiscalDateEnding": "2019-03-31",
            "reportedCurrency": "USD",
            "grossProfit": "910000000",
            "totalRevenue": "1216900000",
            "costOfRevenue": "306900000",
            "costofGoodsAndServicesSold": "700400000",
            "operatingIncome": "209600000",
            "sellingGeneralAndAdministrative": "93300000",
            "researchAndDevelopment": "None",
            "operatingExpenses": "306900000",
            "investmentIncomeNet": "None",
            "netInterestIncome": "-91100000",
            "interestIncome": "87900000",
            "interestExpense": "91100000",
            "nonInterestIncome": "1185100000",
            "otherNonOperatingIncome": "-11200000",
            "depreciation": "None",
            "depreciationAndAmortization": "213600000",
            "incomeBeforeTax": "108800000",
            "incomeTaxExpense": "9300000",
            "interestAndDebtExpense": "91100000",
            "netIncomeFromContinuingOperations": "103400000",
            "comprehensiveIncomeNetOfTax": "89300000",
            "ebit": "199900000",
            "ebitda": "413500000",
            "netIncome": "99500000"
        },
        {
            "fiscalDateEnding": "2018-12-31",
            "reportedCurrency": "USD",
            "grossProfit": "1199800000",
            "totalRevenue": "1199800000",
            "costOfRevenue": "140400000",
            "costofGoodsAndServicesSold": "756900000",
            "operatingIncome": "150100000",
            "sellingGeneralAndAdministrative": "114800000",
            "researchAndDevelopment": "None",
            "operatingExpenses": "334800000",
            "investmentIncomeNet": "None",
            "netInterestIncome": "-88300000",
            "interestIncome": "None",
            "interestExpense": "88300000",
            "nonInterestIncome": "1172600000",
            "otherNonOperatingIncome": "-13300000",
            "depreciation": "None",
            "depreciationAndAmortization": "207200000",
            "incomeBeforeTax": "49200000",
            "incomeTaxExpense": "30700000",
            "interestAndDebtExpense": "88300000",
            "netIncomeFromContinuingOperations": "150100000",
            "comprehensiveIncomeNetOfTax": "15500000",
            "ebit": "137500000",
            "ebitda": "344700000",
            "netIncome": "18500000"
        },
        {
            "fiscalDateEnding": "2018-09-30",
            "reportedCurrency": "USD",
            "grossProfit": "2720800000",
            "totalRevenue": "1582500000",
            "costOfRevenue": "339600000",
            "costofGoodsAndServicesSold": "58400000",
            "operatingIncome": "533100000",
            "sellingGeneralAndAdministrative": "87300000",
            "researchAndDevelopment": "None",
            "operatingExpenses": "281200000",
            "investmentIncomeNet": "None",
            "netInterestIncome": "-89100000",
            "interestIncome": "None",
            "interestExpense": "89100000",
            "nonInterestIncome": "1567000000",
            "otherNonOperatingIncome": "-29200000",
            "depreciation": "None",
            "depreciationAndAmortization": "193900000",
            "incomeBeforeTax": "419100000",
            "incomeTaxExpense": "64100000",
            "interestAndDebtExpense": "89100000",
            "netIncomeFromContinuingOperations": "357600000",
            "comprehensiveIncomeNetOfTax": "355000000",
            "ebit": "508200000",
            "ebitda": "702100000",
            "netIncome": "355000000"
        },
        {
            "fiscalDateEnding": "2018-06-30",
            "reportedCurrency": "USD",
            "grossProfit": "562700000",
            "totalRevenue": "893400000",
            "costOfRevenue": "272300000",
            "costofGoodsAndServicesSold": "68400000",
            "operatingIncome": "126900000",
            "sellingGeneralAndAdministrative": "75900000",
            "researchAndDevelopment": "None",
            "operatingExpenses": "203900000",
            "investmentIncomeNet": "None",
            "netInterestIncome": "-58400000",
            "interestIncome": "None",
            "interestExpense": "58400000",
            "nonInterestIncome": "883100000",
            "otherNonOperatingIncome": "-12100000",
            "depreciation": "None",
            "depreciationAndAmortization": "128000000",
            "incomeBeforeTax": "56800000",
            "incomeTaxExpense": "-45000000",
            "interestAndDebtExpense": "58400000",
            "netIncomeFromContinuingOperations": "104400000",
            "comprehensiveIncomeNetOfTax": "101800000",
            "ebit": "115200000",
            "ebitda": "243200000",
            "netIncome": "101800000"
        },
        {
            "fiscalDateEnding": "2018-03-31",
            "reportedCurrency": "USD",
            "grossProfit": "257110000",
            "totalRevenue": "600200000",
            "costOfRevenue": "343094000",
            "costofGoodsAndServicesSold": "343094000",
            "operatingIncome": "123500000",
            "sellingGeneralAndAdministrative": "9900000",
            "researchAndDevelopment": "None",
            "operatingExpenses": "133580000",
            "investmentIncomeNet": "None",
            "netInterestIncome": "None",
            "interestIncome": "None",
            "interestExpense": "43800000",
            "nonInterestIncome": "None",
            "otherNonOperatingIncome": "None",
            "depreciation": "None",
            "depreciationAndAmortization": "89600000",
            "incomeBeforeTax": "69700000",
            "incomeTaxExpense": "9200000",
            "interestAndDebtExpense": "None",
            "netIncomeFromContinuingOperations": "62904000",
            "comprehensiveIncomeNetOfTax": "60500000",
            "ebit": "113500000",
            "ebitda": "203100000",
            "netIncome": "60500000"
        }
    ]
}