{
    "symbol": "EXPD",
    "annualReports": [
        {
            "fiscalDateEnding": "2021-12-31",
            "reportedCurrency": "USD",
            "grossProfit": "2188892000",
            "totalRevenue": "16511711000",
            "costOfRevenue": "14322819000",
            "costofGoodsAndServicesSold": "12058155000",
            "operatingIncome": "1909326000",
            "sellingGeneralAndAdministrative": "202313000",
            "researchAndDevelopment": "None",
            "operatingExpenses": "449913000",
            "investmentIncomeNet": "8807000",
            "netInterestIncome": "8807000",
            "interestIncome": "8807000",
            "interestExpense": "8807000",
            "nonInterestIncome": "16511711000",
            "otherNonOperatingIncome": "6483000",
            "depreciation": "None",
            "depreciationAndAmortization": "51312000",
            "incomeBeforeTax": "1921263000",
            "incomeTaxExpense": "505771000",
            "interestAndDebtExpense": "None",
            "netIncomeFromContinuingOperations": "1418845000",
            "comprehensiveIncomeNetOfTax": "1384831000",
            "ebit": "1909326000",
            "ebitda": "1981382000",
            "netIncome": "1415492000"
        },
        {
            "fiscalDateEnding": "2020-12-31",
            "reportedCurrency": "USD",
            "grossProfit": "1175890000",
            "totalRevenue": "10091083000",
            "costOfRevenue": "8915193000",
            "costofGoodsAndServicesSold": "7188790000",
            "operatingIncome": "940437000",
            "sellingGeneralAndAdministrative": "188299000",
            "researchAndDevelopment": "None",
            "operatingExpenses": "397775000",
            "investmentIncomeNet": "10415000",
            "netInterestIncome": "10415000",
            "interestIncome": "10415000",
            "interestExpense": "10415000",
            "nonInterestIncome": "10091083000",
            "otherNonOperatingIncome": "5712000",
            "depreciation": "None",
            "depreciationAndAmortization": "56959000",
            "incomeBeforeTax": "954490000",
            "incomeTaxExpense": "258350000",
            "interestAndDebtExpense": "None",
            "netIncomeFromContinuingOperations": "698214000",
            "comprehensiveIncomeNetOfTax": "727574000",
            "ebit": "940437000",
            "ebitda": "1021864000",
            "netIncome": "696140000"
        },
        {
            "fiscalDateEnding": "2019-12-31",
            "reportedCurrency": "USD",
            "grossProfit": "994718000",
            "totalRevenue": "8166175000",
            "costOfRevenue": "7171457000",
            "costofGoodsAndServicesSold": "5538958000",
            "operatingIncome": "766692000",
            "sellingGeneralAndAdministrative": "210184000",
            "researchAndDevelopment": "None",
            "operatingExpenses": "396510000",
            "investmentIncomeNet": "22803000",
            "netInterestIncome": "22803000",
            "interestIncome": "22803000",
            "interestExpense": "22803000",
            "nonInterestIncome": "8166175000",
            "otherNonOperatingIncome": "6299000",
            "depreciation": "None",
            "depreciationAndAmortization": "50950000",
            "incomeBeforeTax": "794173000",
            "incomeTaxExpense": "203778000",
            "interestAndDebtExpense": "None",
            "netIncomeFromContinuingOperations": "592016000",
            "comprehensiveIncomeNetOfTax": "564689000",
            "ebit": "766692000",
            "ebitda": "867926000",
            "netIncome": "590395000"
        },
        {
            "fiscalDateEnding": "2018-12-31",
            "reportedCurrency": "USD",
            "grossProfit": "6455717000",
            "totalRevenue": "8136512000",
            "costOfRevenue": "1680795000",
            "costofGoodsAndServicesSold": "5517992000",
            "operatingIncome": "796563000",
            "sellingGeneralAndAdministrative": "287536000",
            "researchAndDevelopment": "None",
            "operatingExpenses": "469717000",
            "investmentIncomeNet": "19153000",
            "netInterestIncome": "19153000",
            "interestIncome": "19153000",
            "interestExpense": "19153000",
            "nonInterestIncome": "8136512000",
            "otherNonOperatingIncome": "2613000",
            "depreciation": "None",
            "depreciationAndAmortization": "54019000",
            "incomeBeforeTax": "816738000",
            "incomeTaxExpense": "198539000",
            "interestAndDebtExpense": "None",
            "netIncomeFromContinuingOperations": "619790000",
            "comprehensiveIncomeNetOfTax": "586682000",
            "ebit": "796563000",
            "ebitda": "889910000",
            "netIncome": "618199000"
        },
        {
            "fiscalDateEnding": "2017-12-31",
            "reportedCurrency": "USD",
            "grossProfit": "5420886000",
            "totalRevenue": "6920948000",
            "costOfRevenue": "1500062000",
            "costofGoodsAndServicesSold": "4601759000",
            "operatingIncome": "700260000",
            "sellingGeneralAndAdministrative": "1500062000",
            "researchAndDevelopment": "None",
            "operatingExpenses": "1643895000",
            "investmentIncomeNet": "13204000",
            "netInterestIncome": "None",
            "interestIncome": "None",
            "interestExpense": "None",
            "nonInterestIncome": "-13315000",
            "otherNonOperatingIncome": "5131000",
            "depreciation": "None",
            "depreciationAndAmortization": "None",
            "incomeBeforeTax": "717557000",
            "incomeTaxExpense": "228212000",
            "interestAndDebtExpense": "None",
            "netIncomeFromContinuingOperations": "490383000",
            "comprehensiveIncomeNetOfTax": "519973000",
            "ebit": "700260000",
            "ebitda": "None",
            "netIncome": "489345000"
        }
    ],
    "quarterlyReports": [
        {
            "fiscalDateEnding": "2022-09-30",
            "reportedCurrency": "USD",
            "grossProfit": "609578000",
            "totalRevenue": "4362146000",
            "costOfRevenue": "3752568000",
            "costofGoodsAndServicesSold": "3194273000",
            "operatingIncome": "526923000",
            "sellingGeneralAndAdministrative": "58954000",
            "researchAndDevelopment": "None",
            "operatingExpenses": "131992000",
            "investmentIncomeNet": "7835000",
            "netInterestIncome": "7835000",
            "interestIncome": "7835000",
            "interestExpense": "7835000",
            "nonInterestIncome": "4362146000",
            "otherNonOperatingIncome": "98000",
            "depreciation": "None",
            "depreciationAndAmortization": "15187000",
            "incomeBeforeTax": "534903000",
            "incomeTaxExpense": "120694000",
            "interestAndDebtExpense": "None",
            "netIncomeFromContinuingOperations": "414162000",
            "comprehensiveIncomeNetOfTax": "349914000",
            "ebit": "526923000",
            "ebitda": "557925000",
            "netIncome": "414209000"
        },
        {
            "fiscalDateEnding": "2022-06-30",
            "reportedCurrency": "USD",
            "grossProfit": "596657000",
            "totalRevenue": "4603312000",
            "costOfRevenue": "4006655000",
            "costofGoodsAndServicesSold": "3440948000",
            "operatingIncome": "505982000",
            "sellingGeneralAndAdministrative": "57485000",
            "researchAndDevelopment": "None",
            "operatingExpenses": "138669000",
            "investmentIncomeNet": "2720000",
            "netInterestIncome": "2720000",
            "interestIncome": "2720000",
            "interestExpense": "2720000",
            "nonInterestIncome": "4603312000",
            "otherNonOperatingIncome": "106000",
            "depreciation": "None",
            "depreciationAndAmortization": "14254000",
            "incomeBeforeTax": "504387000",
            "incomeTaxExpense": "126582000",
            "interestAndDebtExpense": "None",
            "netIncomeFromContinuingOperations": "382226000",
            "comprehensiveIncomeNetOfTax": "321400000",
            "ebit": "505982000",
            "ebitda": "521361000",
            "netIncome": "377805000"
        },
        {
            "fiscalDateEnding": "2022-03-31",
            "reportedCurrency": "USD",
            "grossProfit": "554271000",
            "totalRevenue": "4664298000",
            "costOfRevenue": "4110027000",
            "costofGoodsAndServicesSold": "3516111000",
            "operatingIncome": "461760000",
            "sellingGeneralAndAdministrative": "54976000",
            "researchAndDevelopment": "None",
            "operatingExpenses": "134096000",
            "investmentIncomeNet": "1892000",
            "netInterestIncome": "1892000",
            "interestIncome": "1892000",
            "interestExpense": "1892000",
            "nonInterestIncome": "4664298000",
            "otherNonOperatingIncome": "7527000",
            "depreciation": "None",
            "depreciationAndAmortization": "12975000",
            "incomeBeforeTax": "467808000",
            "incomeTaxExpense": "121699000",
            "interestAndDebtExpense": "None",
            "netIncomeFromContinuingOperations": "349480000",
            "comprehensiveIncomeNetOfTax": "339094000",
            "ebit": "461760000",
            "ebitda": "482675000",
            "netIncome": "346109000"
        },
        {
            "fiscalDateEnding": "2021-12-31",
            "reportedCurrency": "USD",
            "grossProfit": "693882000",
            "totalRevenue": "5384537000",
            "costOfRevenue": "4690655000",
            "costofGoodsAndServicesSold": "4026748000",
            "operatingIncome": "623529000",
            "sellingGeneralAndAdministrative": "54458000",
            "researchAndDevelopment": "None",
            "operatingExpenses": "125232000",
            "investmentIncomeNet": "2211000",
            "netInterestIncome": "2211000",
            "interestIncome": "2211000",
            "interestExpense": "2211000",
            "nonInterestIncome": "5384537000",
            "otherNonOperatingIncome": "101000",
            "depreciation": "None",
            "depreciationAndAmortization": "12897000",
            "incomeBeforeTax": "624662000",
            "incomeTaxExpense": "171830000",
            "interestAndDebtExpense": "None",
            "netIncomeFromContinuingOperations": "454011000",
            "comprehensiveIncomeNetOfTax": "445218000",
            "ebit": "623529000",
            "ebitda": "639770000",
            "netIncome": "452832000"
        },
        {
            "fiscalDateEnding": "2021-09-30",
            "reportedCurrency": "USD",
            "grossProfit": "563193000",
            "totalRevenue": "4319261000",
            "costOfRevenue": "3756068000",
            "costofGoodsAndServicesSold": "3185490000",
            "operatingIncome": "489637000",
            "sellingGeneralAndAdministrative": "50967000",
            "researchAndDevelopment": "None",
            "operatingExpenses": "115509000",
            "investmentIncomeNet": "2462000",
            "netInterestIncome": "2462000",
            "interestIncome": "2462000",
            "interestExpense": "2462000",
            "nonInterestIncome": "4319261000",
            "otherNonOperatingIncome": "733000",
            "depreciation": "None",
            "depreciationAndAmortization": "12753000",
            "incomeBeforeTax": "491990000",
            "incomeTaxExpense": "132922000",
            "interestAndDebtExpense": "None",
            "netIncomeFromContinuingOperations": "359910000",
            "comprehensiveIncomeNetOfTax": "342334000",
            "ebit": "489637000",
            "ebitda": "507205000",
            "netIncome": "359068000"
        },
        {
            "fiscalDateEnding": "2021-06-30",
            "reportedCurrency": "USD",
            "grossProfit": "480736000",
            "totalRevenue": "3609093000",
            "costOfRevenue": "3128357000",
            "costofGoodsAndServicesSold": "2598633000",
            "operatingIncome": "410645000",
            "sellingGeneralAndAdministrative": "48538000",
            "researchAndDevelopment": "None",
            "operatingExpenses": "107044000",
            "investmentIncomeNet": "2188000",
            "netInterestIncome": "2188000",
            "interestIncome": "2188000",
            "interestExpense": "2188000",
            "nonInterestIncome": "3609093000",
            "otherNonOperatingIncome": "2649000",
            "depreciation": "None",
            "depreciationAndAmortization": "12675000",
            "incomeBeforeTax": "414880000",
            "incomeTaxExpense": "98508000",
            "interestAndDebtExpense": "None",
            "netIncomeFromContinuingOperations": "316974000",
            "comprehensiveIncomeNetOfTax": "325792000",
            "ebit": "410645000",
            "ebitda": "429743000",
            "netIncome": "316372000"
        },
        {
            "fiscalDateEnding": "2021-03-31",
            "reportedCurrency": "USD",
            "grossProfit": "451081000",
            "totalRevenue": "3357540000",
            "costOfRevenue": "2906459000",
            "costofGoodsAndServicesSold": "2406004000",
            "operatingIncome": "385515000",
            "sellingGeneralAndAdministrative": "48350000",
            "researchAndDevelopment": "None",
            "operatingExpenses": "102128000",
            "investmentIncomeNet": "1946000",
            "netInterestIncome": "1946000",
            "interestIncome": "1946000",
            "interestExpense": "1946000",
            "nonInterestIncome": "3357540000",
            "otherNonOperatingIncome": "3000000",
            "depreciation": "None",
            "depreciationAndAmortization": "12987000",
            "incomeBeforeTax": "389731000",
            "incomeTaxExpense": "102511000",
            "interestAndDebtExpense": "None",
            "netIncomeFromContinuingOperations": "287950000",
            "comprehensiveIncomeNetOfTax": "271487000",
            "ebit": "385515000",
            "ebitda": "404664000",
            "netIncome": "287220000"
        },
        {
            "fiscalDateEnding": "2020-12-31",
            "reportedCurrency": "USD",
            "grossProfit": "3169188000",
            "totalRevenue": "3169188000",
            "costOfRevenue": "2815562000",
            "costofGoodsAndServicesSold": "2340603000",
            "operatingIncome": "281811000",
            "sellingGeneralAndAdministrative": "47615000",
            "researchAndDevelopment": "None",
            "operatingExpenses": "106068000",
            "investmentIncomeNet": "1545000",
            "netInterestIncome": "1545000",
            "interestIncome": "1545000",
            "interestExpense": "1545000",
            "nonInterestIncome": "3169188000",
            "otherNonOperatingIncome": "551000",
            "depreciation": "None",
            "depreciationAndAmortization": "14339000",
            "incomeBeforeTax": "283002000",
            "incomeTaxExpense": "84382000",
            "interestAndDebtExpense": "None",
            "netIncomeFromContinuingOperations": "281811000",
            "comprehensiveIncomeNetOfTax": "234148000",
            "ebit": "281811000",
            "ebitda": "298886000",
            "netIncome": "198620000"
        },
        {
            "fiscalDateEnding": "2020-09-30",
            "reportedCurrency": "USD",
            "grossProfit": "315337000",
            "totalRevenue": "2464797000",
            "costOfRevenue": "2149460000",
            "costofGoodsAndServicesSold": "1730418000",
            "operatingIncome": "251945000",
            "sellingGeneralAndAdministrative": "45429000",
            "researchAndDevelopment": "None",
            "operatingExpenses": "93368000",
            "investmentIncomeNet": "1504000",
            "netInterestIncome": "1504000",
            "interestIncome": "1504000",
            "interestExpense": "1504000",
            "nonInterestIncome": "2464797000",
            "otherNonOperatingIncome": "980000",
            "depreciation": "None",
            "depreciationAndAmortization": "15851000",
            "incomeBeforeTax": "254017000",
            "incomeTaxExpense": "62710000",
            "interestAndDebtExpense": "None",
            "netIncomeFromContinuingOperations": "191719000",
            "comprehensiveIncomeNetOfTax": "209184000",
            "ebit": "251945000",
            "ebitda": "271372000",
            "netIncome": "191307000"
        },
        {
            "fiscalDateEnding": "2020-06-30",
            "reportedCurrency": "USD",
            "grossProfit": "309996000",
            "totalRevenue": "2580632000",
            "costOfRevenue": "2270636000",
            "costofGoodsAndServicesSold": "1831041000",
            "operatingIncome": "247626000",
            "sellingGeneralAndAdministrative": "44488000",
            "researchAndDevelopment": "None",
            "operatingExpenses": "95138000",
            "investmentIncomeNet": "2559000",
            "netInterestIncome": "2559000",
            "interestIncome": "2559000",
            "interestExpense": "2559000",
            "nonInterestIncome": "2580632000",
            "otherNonOperatingIncome": "797000",
            "depreciation": "None",
            "depreciationAndAmortization": "14109000",
            "incomeBeforeTax": "250663000",
            "incomeTaxExpense": "66794000",
            "interestAndDebtExpense": "None",
            "netIncomeFromContinuingOperations": "184188000",
            "comprehensiveIncomeNetOfTax": "200457000",
            "ebit": "247626000",
            "ebitda": "267331000",
            "netIncome": "183869000"
        },
        {
            "fiscalDateEnding": "2020-03-31",
            "reportedCurrency": "USD",
            "grossProfit": "222329000",
            "totalRevenue": "1901864000",
            "costOfRevenue": "1679535000",
            "costofGoodsAndServicesSold": "1286728000",
            "operatingIncome": "159055000",
            "sellingGeneralAndAdministrative": "50767000",
            "researchAndDevelopment": "None",
            "operatingExpenses": "103201000",
            "investmentIncomeNet": "4807000",
            "netInterestIncome": "4807000",
            "interestIncome": "4807000",
            "interestExpense": "4807000",
            "nonInterestIncome": "1901864000",
            "otherNonOperatingIncome": "3384000",
            "depreciation": "None",
            "depreciationAndAmortization": "12660000",
            "incomeBeforeTax": "166808000",
            "incomeTaxExpense": "44464000",
            "interestAndDebtExpense": "None",
            "netIncomeFromContinuingOperations": "122782000",
            "comprehensiveIncomeNetOfTax": "83785000",
            "ebit": "159055000",
            "ebitda": "184275000",
            "netIncome": "122344000"
        },
        {
            "fiscalDateEnding": "2019-12-31",
            "reportedCurrency": "USD",
            "grossProfit": "2044941000",
            "totalRevenue": "2044941000",
            "costOfRevenue": "1804286000",
            "costofGoodsAndServicesSold": "1398638000",
            "operatingIncome": "180340000",
            "sellingGeneralAndAdministrative": "52925000",
            "researchAndDevelopment": "None",
            "operatingExpenses": "100292000",
            "investmentIncomeNet": "4680000",
            "netInterestIncome": "4680000",
            "interestIncome": "4680000",
            "interestExpense": "4680000",
            "nonInterestIncome": "2044941000",
            "otherNonOperatingIncome": "477000",
            "depreciation": "None",
            "depreciationAndAmortization": "12494000",
            "incomeBeforeTax": "185075000",
            "incomeTaxExpense": "47749000",
            "interestAndDebtExpense": "None",
            "netIncomeFromContinuingOperations": "180340000",
            "comprehensiveIncomeNetOfTax": "124913000",
            "ebit": "180340000",
            "ebitda": "202249000",
            "netIncome": "137326000"
        },
        {
            "fiscalDateEnding": "2019-09-30",
            "reportedCurrency": "USD",
            "grossProfit": "265905000",
            "totalRevenue": "2074855000",
            "costOfRevenue": "1808950000",
            "costofGoodsAndServicesSold": "1400499000",
            "operatingIncome": "206550000",
            "sellingGeneralAndAdministrative": "52120000",
            "researchAndDevelopment": "None",
            "operatingExpenses": "99846000",
            "investmentIncomeNet": "5501000",
            "netInterestIncome": "5501000",
            "interestIncome": "5501000",
            "interestExpense": "5501000",
            "nonInterestIncome": "2074855000",
            "otherNonOperatingIncome": "1895000",
            "depreciation": "None",
            "depreciationAndAmortization": "12386000",
            "incomeBeforeTax": "213540000",
            "incomeTaxExpense": "53319000",
            "interestAndDebtExpense": "None",
            "netIncomeFromContinuingOperations": "160627000",
            "comprehensiveIncomeNetOfTax": "145543000",
            "ebit": "206550000",
            "ebitda": "231427000",
            "netIncome": "160221000"
        },
        {
            "fiscalDateEnding": "2019-06-30",
            "reportedCurrency": "USD",
            "grossProfit": "1626688000",
            "totalRevenue": "2035579000",
            "costOfRevenue": "408891000",
            "costofGoodsAndServicesSold": "1373884000",
            "operatingIncome": "192201000",
            "sellingGeneralAndAdministrative": "52540000",
            "researchAndDevelopment": "None",
            "operatingExpenses": "102050000",
            "investmentIncomeNet": "6516000",
            "netInterestIncome": "6516000",
            "interestIncome": "6516000",
            "interestExpense": "6516000",
            "nonInterestIncome": "2035579000",
            "otherNonOperatingIncome": "2262000",
            "depreciation": "None",
            "depreciationAndAmortization": "12677000",
            "incomeBeforeTax": "200598000",
            "incomeTaxExpense": "47449000",
            "interestAndDebtExpense": "None",
            "netIncomeFromContinuingOperations": "153530000",
            "comprehensiveIncomeNetOfTax": "153039000",
            "ebit": "192201000",
            "ebitda": "219791000",
            "netIncome": "153149000"
        },
        {
            "fiscalDateEnding": "2019-03-31",
            "reportedCurrency": "USD",
            "grossProfit": "1610542000",
            "totalRevenue": "2020051000",
            "costOfRevenue": "409509000",
            "costofGoodsAndServicesSold": "1365937000",
            "operatingIncome": "187601000",
            "sellingGeneralAndAdministrative": "52599000",
            "researchAndDevelopment": "None",
            "operatingExpenses": "94322000",
            "investmentIncomeNet": "6106000",
            "netInterestIncome": "6106000",
            "interestIncome": "6106000",
            "interestExpense": "6106000",
            "nonInterestIncome": "2020051000",
            "otherNonOperatingIncome": "1665000",
            "depreciation": "None",
            "depreciationAndAmortization": "13393000",
            "incomeBeforeTax": "194960000",
            "incomeTaxExpense": "55261000",
            "interestAndDebtExpense": "None",
            "netIncomeFromContinuingOperations": "140111000",
            "comprehensiveIncomeNetOfTax": "141194000",
            "ebit": "187601000",
            "ebitda": "214459000",
            "netIncome": "139699000"
        },
        {
            "fiscalDateEnding": "2018-12-31",
            "reportedCurrency": "USD",
            "grossProfit": "2235597000",
            "totalRevenue": "2235597000",
            "costOfRevenue": "492804000",
            "costofGoodsAndServicesSold": "1554922000",
            "operatingIncome": "217007000",
            "sellingGeneralAndAdministrative": "141965000",
            "researchAndDevelopment": "None",
            "operatingExpenses": "190596000",
            "investmentIncomeNet": "4982000",
            "netInterestIncome": "None",
            "interestIncome": "None",
            "interestExpense": "4982000",
            "nonInterestIncome": "2235597000",
            "otherNonOperatingIncome": "256000",
            "depreciation": "None",
            "depreciationAndAmortization": "13186000",
            "incomeBeforeTax": "221878000",
            "incomeTaxExpense": "42668000",
            "interestAndDebtExpense": "None",
            "netIncomeFromContinuingOperations": "2235597000",
            "comprehensiveIncomeNetOfTax": "174828000",
            "ebit": "217007000",
            "ebitda": "240046000",
            "netIncome": "179210000"
        },
        {
            "fiscalDateEnding": "2018-09-30",
            "reportedCurrency": "USD",
            "grossProfit": "1690536000",
            "totalRevenue": "2090947000",
            "costOfRevenue": "400411000",
            "costofGoodsAndServicesSold": "1429633000",
            "operatingIncome": "203154000",
            "sellingGeneralAndAdministrative": "48834000",
            "researchAndDevelopment": "None",
            "operatingExpenses": "95217000",
            "investmentIncomeNet": "4704000",
            "netInterestIncome": "None",
            "interestIncome": "None",
            "interestExpense": "4704000",
            "nonInterestIncome": "2090947000",
            "otherNonOperatingIncome": "566000",
            "depreciation": "None",
            "depreciationAndAmortization": "13335000",
            "incomeBeforeTax": "208049000",
            "incomeTaxExpense": "45357000",
            "interestAndDebtExpense": "None",
            "netIncomeFromContinuingOperations": "163067000",
            "comprehensiveIncomeNetOfTax": "152305000",
            "ebit": "203154000",
            "ebitda": "226088000",
            "netIncome": "162692000"
        },
        {
            "fiscalDateEnding": "2018-06-30",
            "reportedCurrency": "USD",
            "grossProfit": "1557752000",
            "totalRevenue": "1957559000",
            "costOfRevenue": "399807000",
            "costofGoodsAndServicesSold": "1717608000",
            "operatingIncome": "183584000",
            "sellingGeneralAndAdministrative": "48859000",
            "researchAndDevelopment": "None",
            "operatingExpenses": "94966000",
            "investmentIncomeNet": "5153000",
            "netInterestIncome": "None",
            "interestIncome": "None",
            "interestExpense": "5153000",
            "nonInterestIncome": "1957559000",
            "otherNonOperatingIncome": "1167000",
            "depreciation": "None",
            "depreciationAndAmortization": "13576000",
            "incomeBeforeTax": "189563000",
            "incomeTaxExpense": "48958000",
            "interestAndDebtExpense": "None",
            "netIncomeFromContinuingOperations": "140946000",
            "comprehensiveIncomeNetOfTax": "114885000",
            "ebit": "183584000",
            "ebitda": "208292000",
            "netIncome": "140605000"
        },
        {
            "fiscalDateEnding": "2018-03-31",
            "reportedCurrency": "USD",
            "grossProfit": "1466489000",
            "totalRevenue": "1854262000",
            "costOfRevenue": "387773000",
            "costofGoodsAndServicesSold": "1609154000",
            "operatingIncome": "192818000",
            "sellingGeneralAndAdministrative": "387773000",
            "researchAndDevelopment": "None",
            "operatingExpenses": "428833000",
            "investmentIncomeNet": "4314000",
            "netInterestIncome": "None",
            "interestIncome": "None",
            "interestExpense": "4314000",
            "nonInterestIncome": "1854262000",
            "otherNonOperatingIncome": "624000",
            "depreciation": "None",
            "depreciationAndAmortization": "13922000",
            "incomeBeforeTax": "197248000",
            "incomeTaxExpense": "61556000",
            "interestAndDebtExpense": "None",
            "netIncomeFromContinuingOperations": "136200000",
            "comprehensiveIncomeNetOfTax": "144664000",
            "ebit": "192818000",
            "ebitda": "215484000",
            "netIncome": "135692000"
        },
        {
            "fiscalDateEnding": "2017-12-31",
            "reportedCurrency": "USD",
            "grossProfit": "1901371000",
            "totalRevenue": "1901371000",
            "costOfRevenue": "449601000",
            "costofGoodsAndServicesSold": "1654498000",
            "operatingIncome": "199011000",
            "sellingGeneralAndAdministrative": "449601000",
            "researchAndDevelopment": "None",
            "operatingExpenses": "487818000",
            "investmentIncomeNet": "3639000",
            "netInterestIncome": "None",
            "interestIncome": "None",
            "interestExpense": "3639000",
            "nonInterestIncome": "1901371000",
            "otherNonOperatingIncome": "2547000",
            "depreciation": "None",
            "depreciationAndAmortization": "13069000",
            "incomeBeforeTax": "204709000",
            "incomeTaxExpense": "37742000",
            "interestAndDebtExpense": "None",
            "netIncomeFromContinuingOperations": "1901371000",
            "comprehensiveIncomeNetOfTax": "171963000",
            "ebit": "199011000",
            "ebitda": "221417000",
            "netIncome": "166967000"
        }
    ]
}