{
    "symbol": "FCX",
    "annualReports": [
        {
            "fiscalDateEnding": "2022-12-31",
            "reportedCurrency": "USD",
            "grossProfit": "7691000000",
            "totalRevenue": "22780000000",
            "costOfRevenue": "15089000000",
            "costofGoodsAndServicesSold": "15060000000",
            "operatingIncome": "7037000000",
            "sellingGeneralAndAdministrative": "420000000",
            "researchAndDevelopment": "None",
            "operatingExpenses": "1154000000",
            "investmentIncomeNet": "None",
            "netInterestIncome": "-560000000",
            "interestIncome": "415000000",
            "interestExpense": "560000000",
            "nonInterestIncome": "23311000000",
            "otherNonOperatingIncome": "207000000",
            "depreciation": "None",
            "depreciationAndAmortization": "2019000000",
            "incomeBeforeTax": "5735000000",
            "incomeTaxExpense": "2267000000",
            "interestAndDebtExpense": "-31000000",
            "netIncomeFromContinuingOperations": "3468000000",
            "comprehensiveIncomeNetOfTax": "3536000000",
            "ebit": "7037000000",
            "ebitda": "8314000000",
            "netIncome": "3468000000"
        },
        {
            "fiscalDateEnding": "2021-12-31",
            "reportedCurrency": "USD",
            "grossProfit": "8815000000",
            "totalRevenue": "22845000000",
            "costOfRevenue": "14030000000",
            "costofGoodsAndServicesSold": "14014000000",
            "operatingIncome": "8366000000",
            "sellingGeneralAndAdministrative": "383000000",
            "researchAndDevelopment": "None",
            "operatingExpenses": "891000000",
            "investmentIncomeNet": "None",
            "netInterestIncome": "-602000000",
            "interestIncome": "602000000",
            "interestExpense": "602000000",
            "nonInterestIncome": "22488000000",
            "otherNonOperatingIncome": "-105000000",
            "depreciation": "None",
            "depreciationAndAmortization": "1998000000",
            "incomeBeforeTax": "8723000000",
            "incomeTaxExpense": "2299000000",
            "interestAndDebtExpense": "0",
            "netIncomeFromContinuingOperations": "4299000000",
            "comprehensiveIncomeNetOfTax": "4501000000",
            "ebit": "8366000000",
            "ebitda": "9205000000",
            "netIncome": "6424000000"
        },
        {
            "fiscalDateEnding": "2020-12-31",
            "reportedCurrency": "USD",
            "grossProfit": "2543000000",
            "totalRevenue": "14198000000",
            "costOfRevenue": "11655000000",
            "costofGoodsAndServicesSold": "11559000000",
            "operatingIncome": "2437000000",
            "sellingGeneralAndAdministrative": "370000000",
            "researchAndDevelopment": "None",
            "operatingExpenses": "402000000",
            "investmentIncomeNet": "None",
            "netInterestIncome": "-598000000",
            "interestIncome": "598000000",
            "interestExpense": "598000000",
            "nonInterestIncome": "13827000000",
            "otherNonOperatingIncome": "59000000",
            "depreciation": "None",
            "depreciationAndAmortization": "1528000000",
            "incomeBeforeTax": "1543000000",
            "incomeTaxExpense": "944000000",
            "interestAndDebtExpense": "101000000",
            "netIncomeFromContinuingOperations": "596000000",
            "comprehensiveIncomeNetOfTax": "692000000",
            "ebit": "2437000000",
            "ebitda": "3669000000",
            "netIncome": "599000000"
        },
        {
            "fiscalDateEnding": "2019-12-31",
            "reportedCurrency": "USD",
            "grossProfit": "1277000000",
            "totalRevenue": "14402000000",
            "costOfRevenue": "13125000000",
            "costofGoodsAndServicesSold": "12926000000",
            "operatingIncome": "1091000000",
            "sellingGeneralAndAdministrative": "394000000",
            "researchAndDevelopment": "None",
            "operatingExpenses": "437000000",
            "investmentIncomeNet": "None",
            "netInterestIncome": "-620000000",
            "interestIncome": "620000000",
            "interestExpense": "620000000",
            "nonInterestIncome": "14345000000",
            "otherNonOperatingIncome": "-138000000",
            "depreciation": "None",
            "depreciationAndAmortization": "None",
            "incomeBeforeTax": "271000000",
            "incomeTaxExpense": "510000000",
            "interestAndDebtExpense": "27000000",
            "netIncomeFromContinuingOperations": "-245000000",
            "comprehensiveIncomeNetOfTax": "-310000000",
            "ebit": "1091000000",
            "ebitda": "891000000",
            "netIncome": "-239000000"
        },
        {
            "fiscalDateEnding": "2018-12-31",
            "reportedCurrency": "USD",
            "grossProfit": "5162000000",
            "totalRevenue": "18628000000",
            "costOfRevenue": "13466000000",
            "costofGoodsAndServicesSold": "1758000000",
            "operatingIncome": "4754000000",
            "sellingGeneralAndAdministrative": "422000000",
            "researchAndDevelopment": "None",
            "operatingExpenses": "1156000000",
            "investmentIncomeNet": "None",
            "netInterestIncome": "-945000000",
            "interestIncome": "945000000",
            "interestExpense": "945000000",
            "nonInterestIncome": "18966000000",
            "otherNonOperatingIncome": "76000000",
            "depreciation": "None",
            "depreciationAndAmortization": "None",
            "incomeBeforeTax": "3593000000",
            "incomeTaxExpense": "991000000",
            "interestAndDebtExpense": "-7000000",
            "netIncomeFromContinuingOperations": "2613000000",
            "comprehensiveIncomeNetOfTax": "2569000000",
            "ebit": "4754000000",
            "ebitda": "4538000000",
            "netIncome": "2602000000"
        }
    ],
    "quarterlyReports": [
        {
            "fiscalDateEnding": "2022-12-31",
            "reportedCurrency": "USD",
            "grossProfit": "1735000000",
            "totalRevenue": "5758000000",
            "costOfRevenue": "4023000000",
            "costofGoodsAndServicesSold": "4037000000",
            "operatingIncome": "1530000000",
            "sellingGeneralAndAdministrative": "107000000",
            "researchAndDevelopment": "None",
            "operatingExpenses": "416000000",
            "investmentIncomeNet": "None",
            "netInterestIncome": "-137000000",
            "interestIncome": "137000000",
            "interestExpense": "137000000",
            "nonInterestIncome": "5442000000",
            "otherNonOperatingIncome": "140000000",
            "depreciation": "None",
            "depreciationAndAmortization": "1023000000",
            "incomeBeforeTax": "1254000000",
            "incomeTaxExpense": "557000000",
            "interestAndDebtExpense": "-527000000",
            "netIncomeFromContinuingOperations": "-34000000",
            "comprehensiveIncomeNetOfTax": "762000000",
            "ebit": "1530000000",
            "ebitda": "2414000000",
            "netIncome": "697000000"
        },
        {
            "fiscalDateEnding": "2022-09-30",
            "reportedCurrency": "USD",
            "grossProfit": "1104000000",
            "totalRevenue": "5003000000",
            "costOfRevenue": "3899000000",
            "costofGoodsAndServicesSold": "3874000000",
            "operatingIncome": "962000000",
            "sellingGeneralAndAdministrative": "98000000",
            "researchAndDevelopment": "None",
            "operatingExpenses": "225000000",
            "investmentIncomeNet": "None",
            "netInterestIncome": "-140000000",
            "interestIncome": "42000000",
            "interestExpense": "182000000",
            "nonInterestIncome": "5329000000",
            "otherNonOperatingIncome": "25000000",
            "depreciation": "None",
            "depreciationAndAmortization": "508000000",
            "incomeBeforeTax": "719000000",
            "incomeTaxExpense": "315000000",
            "interestAndDebtExpense": "162000000",
            "netIncomeFromContinuingOperations": "560000000",
            "comprehensiveIncomeNetOfTax": "405000000",
            "ebit": "962000000",
            "ebitda": "1367000000",
            "netIncome": "404000000"
        },
        {
            "fiscalDateEnding": "2022-06-30",
            "reportedCurrency": "USD",
            "grossProfit": "1888000000",
            "totalRevenue": "5416000000",
            "costOfRevenue": "3528000000",
            "costofGoodsAndServicesSold": "3510000000",
            "operatingIncome": "1736000000",
            "sellingGeneralAndAdministrative": "100000000",
            "researchAndDevelopment": "None",
            "operatingExpenses": "263000000",
            "investmentIncomeNet": "None",
            "netInterestIncome": "-156000000",
            "interestIncome": "33000000",
            "interestExpense": "189000000",
            "nonInterestIncome": "6177000000",
            "otherNonOperatingIncome": "11000000",
            "depreciation": "None",
            "depreciationAndAmortization": "996000000",
            "incomeBeforeTax": "1411000000",
            "incomeTaxExpense": "571000000",
            "interestAndDebtExpense": "181000000",
            "netIncomeFromContinuingOperations": "1038000000",
            "comprehensiveIncomeNetOfTax": "841000000",
            "ebit": "1736000000",
            "ebitda": "2563000000",
            "netIncome": "840000000"
        },
        {
            "fiscalDateEnding": "2022-03-31",
            "reportedCurrency": "USD",
            "grossProfit": "2964000000",
            "totalRevenue": "6603000000",
            "costOfRevenue": "3639000000",
            "costofGoodsAndServicesSold": "3639000000",
            "operatingIncome": "2809000000",
            "sellingGeneralAndAdministrative": "115000000",
            "researchAndDevelopment": "None",
            "operatingExpenses": "250000000",
            "investmentIncomeNet": "None",
            "netInterestIncome": "-127000000",
            "interestIncome": "26000000",
            "interestExpense": "153000000",
            "nonInterestIncome": "6363000000",
            "otherNonOperatingIncome": "31000000",
            "depreciation": "None",
            "depreciationAndAmortization": "489000000",
            "incomeBeforeTax": "3105000000",
            "incomeTaxExpense": "824000000",
            "interestAndDebtExpense": "153000000",
            "netIncomeFromContinuingOperations": "1527000000",
            "comprehensiveIncomeNetOfTax": "1528000000",
            "ebit": "2809000000",
            "ebitda": "2967000000",
            "netIncome": "2281000000"
        },
        {
            "fiscalDateEnding": "2021-12-31",
            "reportedCurrency": "USD",
            "grossProfit": "2441000000",
            "totalRevenue": "6164000000",
            "costOfRevenue": "3723000000",
            "costofGoodsAndServicesSold": "3722000000",
            "operatingIncome": "2305000000",
            "sellingGeneralAndAdministrative": "94000000",
            "researchAndDevelopment": "None",
            "operatingExpenses": "336000000",
            "investmentIncomeNet": "None",
            "netInterestIncome": "-171000000",
            "interestIncome": "171000000",
            "interestExpense": "171000000",
            "nonInterestIncome": "6008000000",
            "otherNonOperatingIncome": "-161000000",
            "depreciation": "None",
            "depreciationAndAmortization": "568000000",
            "incomeBeforeTax": "3849000000",
            "incomeTaxExpense": "625000000",
            "interestAndDebtExpense": "-482000000",
            "netIncomeFromContinuingOperations": "292000000",
            "comprehensiveIncomeNetOfTax": "1290000000",
            "ebit": "2305000000",
            "ebitda": "2470000000",
            "netIncome": "3224000000"
        },
        {
            "fiscalDateEnding": "2021-09-30",
            "reportedCurrency": "USD",
            "grossProfit": "2532000000",
            "totalRevenue": "6083000000",
            "costOfRevenue": "3551000000",
            "costofGoodsAndServicesSold": "3537000000",
            "operatingIncome": "2462000000",
            "sellingGeneralAndAdministrative": "102000000",
            "researchAndDevelopment": "None",
            "operatingExpenses": "167000000",
            "investmentIncomeNet": "None",
            "netInterestIncome": "-138000000",
            "interestIncome": "19000000",
            "interestExpense": "157000000",
            "nonInterestIncome": "6194000000",
            "otherNonOperatingIncome": "36000000",
            "depreciation": "None",
            "depreciationAndAmortization": "528000000",
            "incomeBeforeTax": "2027000000",
            "incomeTaxExpense": "628000000",
            "interestAndDebtExpense": "157000000",
            "netIncomeFromContinuingOperations": "1723000000",
            "comprehensiveIncomeNetOfTax": "1403000000",
            "ebit": "2462000000",
            "ebitda": "2693000000",
            "netIncome": "1399000000"
        },
        {
            "fiscalDateEnding": "2021-06-30",
            "reportedCurrency": "USD",
            "grossProfit": "2198000000",
            "totalRevenue": "5748000000",
            "costOfRevenue": "3550000000",
            "costofGoodsAndServicesSold": "3550000000",
            "operatingIncome": "2067000000",
            "sellingGeneralAndAdministrative": "87000000",
            "researchAndDevelopment": "None",
            "operatingExpenses": "213000000",
            "investmentIncomeNet": "None",
            "netInterestIncome": "-148000000",
            "interestIncome": "17000000",
            "interestExpense": "165000000",
            "nonInterestIncome": "5615000000",
            "otherNonOperatingIncome": "9000000",
            "depreciation": "None",
            "depreciationAndAmortization": "483000000",
            "incomeBeforeTax": "1686000000",
            "incomeTaxExpense": "603000000",
            "interestAndDebtExpense": "165000000",
            "netIncomeFromContinuingOperations": "1331000000",
            "comprehensiveIncomeNetOfTax": "1087000000",
            "ebit": "2067000000",
            "ebitda": "2317000000",
            "netIncome": "1083000000"
        },
        {
            "fiscalDateEnding": "2021-03-31",
            "reportedCurrency": "USD",
            "grossProfit": "1644000000",
            "totalRevenue": "4850000000",
            "costOfRevenue": "3206000000",
            "costofGoodsAndServicesSold": "3205000000",
            "operatingIncome": "1532000000",
            "sellingGeneralAndAdministrative": "100000000",
            "researchAndDevelopment": "None",
            "operatingExpenses": "175000000",
            "investmentIncomeNet": "None",
            "netInterestIncome": "-145000000",
            "interestIncome": "15000000",
            "interestExpense": "160000000",
            "nonInterestIncome": "4671000000",
            "otherNonOperatingIncome": "11000000",
            "depreciation": "None",
            "depreciationAndAmortization": "419000000",
            "incomeBeforeTax": "1161000000",
            "incomeTaxExpense": "443000000",
            "interestAndDebtExpense": "160000000",
            "netIncomeFromContinuingOperations": "953000000",
            "comprehensiveIncomeNetOfTax": "721000000",
            "ebit": "1532000000",
            "ebitda": "1725000000",
            "netIncome": "718000000"
        },
        {
            "fiscalDateEnding": "2020-12-31",
            "reportedCurrency": "USD",
            "grossProfit": "1429000000",
            "totalRevenue": "4495000000",
            "costOfRevenue": "3066000000",
            "costofGoodsAndServicesSold": "3062000000",
            "operatingIncome": "1709000000",
            "sellingGeneralAndAdministrative": "97000000",
            "researchAndDevelopment": "None",
            "operatingExpenses": "-86000000",
            "investmentIncomeNet": "None",
            "netInterestIncome": "-236000000",
            "interestIncome": "236000000",
            "interestExpense": "236000000",
            "nonInterestIncome": "4281000000",
            "otherNonOperatingIncome": "-3000000",
            "depreciation": "None",
            "depreciationAndAmortization": "435000",
            "incomeBeforeTax": "1319000000",
            "incomeTaxExpense": "611000000",
            "interestAndDebtExpense": "-489000000",
            "netIncomeFromContinuingOperations": "708000000",
            "comprehensiveIncomeNetOfTax": "853000000",
            "ebit": "1709000000",
            "ebitda": "1555435000",
            "netIncome": "708000000"
        },
        {
            "fiscalDateEnding": "2020-09-30",
            "reportedCurrency": "USD",
            "grossProfit": "983000000",
            "totalRevenue": "3851000000",
            "costOfRevenue": "2868000000",
            "costofGoodsAndServicesSold": "2859000000",
            "operatingIncome": "880000000",
            "sellingGeneralAndAdministrative": "72000000",
            "researchAndDevelopment": "None",
            "operatingExpenses": "159000000",
            "investmentIncomeNet": "None",
            "netInterestIncome": "-120000000",
            "interestIncome": "40000000",
            "interestExpense": "160000000",
            "nonInterestIncome": "3683000000",
            "otherNonOperatingIncome": "22000000",
            "depreciation": "None",
            "depreciationAndAmortization": "1093000",
            "incomeBeforeTax": "626000000",
            "incomeTaxExpense": "297000000",
            "interestAndDebtExpense": "219000000",
            "netIncomeFromContinuingOperations": "326000000",
            "comprehensiveIncomeNetOfTax": "253000000",
            "ebit": "880000000",
            "ebitda": "746000000",
            "netIncome": "329000000"
        },
        {
            "fiscalDateEnding": "2020-06-30",
            "reportedCurrency": "USD",
            "grossProfit": "441000000",
            "totalRevenue": "3054000000",
            "costOfRevenue": "2613000000",
            "costofGoodsAndServicesSold": "2752000000",
            "operatingIncome": "321000000",
            "sellingGeneralAndAdministrative": "91000000",
            "researchAndDevelopment": "None",
            "operatingExpenses": "146000000",
            "investmentIncomeNet": "None",
            "netInterestIncome": "-115000000",
            "interestIncome": "44000000",
            "interestExpense": "159000000",
            "nonInterestIncome": "2866000000",
            "otherNonOperatingIncome": "20000000",
            "depreciation": "None",
            "depreciationAndAmortization": "None",
            "incomeBeforeTax": "149000000",
            "incomeTaxExpense": "96000000",
            "interestAndDebtExpense": "168000000",
            "netIncomeFromContinuingOperations": "50000000",
            "comprehensiveIncomeNetOfTax": "69000000",
            "ebit": "321000000",
            "ebitda": "264000000",
            "netIncome": "53000000"
        },
        {
            "fiscalDateEnding": "2020-03-31",
            "reportedCurrency": "USD",
            "grossProfit": "-310000000",
            "totalRevenue": "2798000000",
            "costOfRevenue": "3108000000",
            "costofGoodsAndServicesSold": "2886000000",
            "operatingIncome": "-473000000",
            "sellingGeneralAndAdministrative": "110000000",
            "researchAndDevelopment": "None",
            "operatingExpenses": "183000000",
            "investmentIncomeNet": "None",
            "netInterestIncome": "-127000000",
            "interestIncome": "44000000",
            "interestExpense": "171000000",
            "nonInterestIncome": "2997000000",
            "otherNonOperatingIncome": "20000000",
            "depreciation": "None",
            "depreciationAndAmortization": "None",
            "incomeBeforeTax": "-551000000",
            "incomeTaxExpense": "-60000000",
            "interestAndDebtExpense": "203000000",
            "netIncomeFromContinuingOperations": "-494000000",
            "comprehensiveIncomeNetOfTax": "-483000000",
            "ebit": "-473000000",
            "ebitda": "-424000000",
            "netIncome": "-491000000"
        },
        {
            "fiscalDateEnding": "2019-12-31",
            "reportedCurrency": "USD",
            "grossProfit": "506000000",
            "totalRevenue": "3911000000",
            "costOfRevenue": "3405000000",
            "costofGoodsAndServicesSold": "79000000",
            "operatingIncome": "775000000",
            "sellingGeneralAndAdministrative": "94000000",
            "researchAndDevelopment": "None",
            "operatingExpenses": "-106000000",
            "investmentIncomeNet": "None",
            "netInterestIncome": "-219000000",
            "interestIncome": "219000000",
            "interestExpense": "219000000",
            "nonInterestIncome": "3841000000",
            "otherNonOperatingIncome": "-190000000",
            "depreciation": "None",
            "depreciationAndAmortization": "None",
            "incomeBeforeTax": "338000000",
            "incomeTaxExpense": "329000000",
            "interestAndDebtExpense": "-508000000",
            "netIncomeFromContinuingOperations": "8000000",
            "comprehensiveIncomeNetOfTax": "-97000000",
            "ebit": "775000000",
            "ebitda": "557000000",
            "netIncome": "9000000"
        },
        {
            "fiscalDateEnding": "2019-09-30",
            "reportedCurrency": "USD",
            "grossProfit": "120000000",
            "totalRevenue": "3153000000",
            "costOfRevenue": "3033000000",
            "costofGoodsAndServicesSold": "2987000000",
            "operatingIncome": "-38000000",
            "sellingGeneralAndAdministrative": "101000000",
            "researchAndDevelopment": "None",
            "operatingExpenses": "187000000",
            "investmentIncomeNet": "None",
            "netInterestIncome": "-123000000",
            "interestIncome": "123000000",
            "interestExpense": "163000000",
            "nonInterestIncome": "3183000000",
            "otherNonOperatingIncome": "33000000",
            "depreciation": "None",
            "depreciationAndAmortization": "None",
            "incomeBeforeTax": "-116000000",
            "incomeTaxExpense": "91000000",
            "interestAndDebtExpense": "184000000",
            "netIncomeFromContinuingOperations": "-211000000",
            "comprehensiveIncomeNetOfTax": "-195000000",
            "ebit": "-38000000",
            "ebitda": "7000000",
            "netIncome": "-207000000"
        },
        {
            "fiscalDateEnding": "2019-06-30",
            "reportedCurrency": "USD",
            "grossProfit": "187000000",
            "totalRevenue": "3546000000",
            "costOfRevenue": "3359000000",
            "costofGoodsAndServicesSold": "3354000000",
            "operatingIncome": "33000000",
            "sellingGeneralAndAdministrative": "92000000",
            "researchAndDevelopment": "None",
            "operatingExpenses": "178000000",
            "investmentIncomeNet": "None",
            "netInterestIncome": "-132000000",
            "interestIncome": "278000000",
            "interestExpense": "167000000",
            "nonInterestIncome": "3655000000",
            "otherNonOperatingIncome": "5000000",
            "depreciation": "None",
            "depreciationAndAmortization": "None",
            "incomeBeforeTax": "-87000000",
            "incomeTaxExpense": "-15000000",
            "interestAndDebtExpense": "167000000",
            "netIncomeFromContinuingOperations": "-75000000",
            "comprehensiveIncomeNetOfTax": "-60000000",
            "ebit": "33000000",
            "ebitda": "45000000",
            "netIncome": "-72000000"
        },
        {
            "fiscalDateEnding": "2019-03-31",
            "reportedCurrency": "USD",
            "grossProfit": "469000000",
            "totalRevenue": "3792000000",
            "costOfRevenue": "3323000000",
            "costofGoodsAndServicesSold": "404000000",
            "operatingIncome": "321000000",
            "sellingGeneralAndAdministrative": "112000000",
            "researchAndDevelopment": "None",
            "operatingExpenses": "178000000",
            "investmentIncomeNet": "None",
            "netInterestIncome": "-146000000",
            "interestIncome": "None",
            "interestExpense": "178000000",
            "nonInterestIncome": "3666000000",
            "otherNonOperatingIncome": "14000000",
            "depreciation": "None",
            "depreciationAndAmortization": "None",
            "incomeBeforeTax": "136000000",
            "incomeTaxExpense": "105000000",
            "interestAndDebtExpense": "184000000",
            "netIncomeFromContinuingOperations": "27000000",
            "comprehensiveIncomeNetOfTax": "42000000",
            "ebit": "321000000",
            "ebitda": "282000000",
            "netIncome": "31000000"
        },
        {
            "fiscalDateEnding": "2018-12-31",
            "reportedCurrency": "USD",
            "grossProfit": "361000000",
            "totalRevenue": "3684000000",
            "costOfRevenue": "3323000000",
            "costofGoodsAndServicesSold": "407000000",
            "operatingIncome": "316000000",
            "sellingGeneralAndAdministrative": "81000000",
            "researchAndDevelopment": "None",
            "operatingExpenses": "-82000000",
            "investmentIncomeNet": "None",
            "netInterestIncome": "-509000000",
            "interestIncome": "None",
            "interestExpense": "509000000",
            "nonInterestIncome": "3735000000",
            "otherNonOperatingIncome": "13000000",
            "depreciation": "None",
            "depreciationAndAmortization": "None",
            "incomeBeforeTax": "-174000000",
            "incomeTaxExpense": "-552000000",
            "interestAndDebtExpense": "-500000000",
            "netIncomeFromContinuingOperations": "482000000",
            "comprehensiveIncomeNetOfTax": "418000000",
            "ebit": "316000000",
            "ebitda": "442000000",
            "netIncome": "378000000"
        },
        {
            "fiscalDateEnding": "2018-09-30",
            "reportedCurrency": "USD",
            "grossProfit": "1381000000",
            "totalRevenue": "4908000000",
            "costOfRevenue": "3527000000",
            "costofGoodsAndServicesSold": "458000000",
            "operatingIncome": "1315000000",
            "sellingGeneralAndAdministrative": "101000000",
            "researchAndDevelopment": "None",
            "operatingExpenses": "141000000",
            "investmentIncomeNet": "None",
            "netInterestIncome": "-143000000",
            "interestIncome": "None",
            "interestExpense": "166000000",
            "nonInterestIncome": "5026000000",
            "otherNonOperatingIncome": "14000000",
            "depreciation": "None",
            "depreciationAndAmortization": "None",
            "incomeBeforeTax": "1078000000",
            "incomeTaxExpense": "522000000",
            "interestAndDebtExpense": "166000000",
            "netIncomeFromContinuingOperations": "556000000",
            "comprehensiveIncomeNetOfTax": "567000000",
            "ebit": "1315000000",
            "ebitda": "1221000000",
            "netIncome": "556000000"
        },
        {
            "fiscalDateEnding": "2018-06-30",
            "reportedCurrency": "USD",
            "grossProfit": "1811000000",
            "totalRevenue": "5168000000",
            "costOfRevenue": "3357000000",
            "costofGoodsAndServicesSold": "3357000000",
            "operatingIncome": "1664000000",
            "sellingGeneralAndAdministrative": "109000000",
            "researchAndDevelopment": "24000000",
            "operatingExpenses": "196000000",
            "investmentIncomeNet": "None",
            "netInterestIncome": "-142000000",
            "interestIncome": "None",
            "interestExpense": "165000000",
            "nonInterestIncome": "5221000000",
            "otherNonOperatingIncome": "20000000",
            "depreciation": "None",
            "depreciationAndAmortization": "None",
            "incomeBeforeTax": "1550000000",
            "incomeTaxExpense": "515000000",
            "interestAndDebtExpense": "156000000",
            "netIncomeFromContinuingOperations": "870000000",
            "comprehensiveIncomeNetOfTax": "880000000",
            "ebit": "1664000000",
            "ebitda": "1526000000",
            "netIncome": "1035000000"
        },
        {
            "fiscalDateEnding": "2018-03-31",
            "reportedCurrency": "USD",
            "grossProfit": "1609000000",
            "totalRevenue": "4868000000",
            "costOfRevenue": "3259000000",
            "costofGoodsAndServicesSold": "3259000000",
            "operatingIncome": "1459000000",
            "sellingGeneralAndAdministrative": "131000000",
            "researchAndDevelopment": "21000000",
            "operatingExpenses": "198000000",
            "investmentIncomeNet": "None",
            "netInterestIncome": "-151000000",
            "interestIncome": "None",
            "interestExpense": "176000000",
            "nonInterestIncome": "4985000000",
            "otherNonOperatingIncome": "29000000",
            "depreciation": "None",
            "depreciationAndAmortization": "None",
            "incomeBeforeTax": "1448000000",
            "incomeTaxExpense": "506000000",
            "interestAndDebtExpense": "176000000",
            "netIncomeFromContinuingOperations": "699000000",
            "comprehensiveIncomeNetOfTax": "704000000",
            "ebit": "1459000000",
            "ebitda": "1349000000",
            "netIncome": "942000000"
        }
    ]
}