{
    "symbol": "FTNT",
    "annualReports": [
        {
            "fiscalDateEnding": "2022-12-31",
            "reportedCurrency": "USD",
            "grossProfit": "3332500000",
            "totalRevenue": "4313600000",
            "costOfRevenue": "2963300000",
            "costofGoodsAndServicesSold": "1084900000",
            "operatingIncome": "969600000",
            "sellingGeneralAndAdministrative": "1855100000",
            "researchAndDevelopment": "512400000",
            "operatingExpenses": "2362900000",
            "investmentIncomeNet": "17400000",
            "netInterestIncome": "-18000000",
            "interestIncome": "17400000",
            "interestExpense": "18000000",
            "nonInterestIncome": "4331600000",
            "otherNonOperatingIncome": "-13500000",
            "depreciation": "81000000",
            "depreciationAndAmortization": "23300000",
            "incomeBeforeTax": "888100000",
            "incomeTaxExpense": "30800000",
            "interestAndDebtExpense": "18000000",
            "netIncomeFromContinuingOperations": "856600000",
            "comprehensiveIncomeNetOfTax": "841900000",
            "ebit": "906100000",
            "ebitda": "929400000",
            "netIncome": "857300000"
        },
        {
            "fiscalDateEnding": "2021-12-31",
            "reportedCurrency": "USD",
            "grossProfit": "2559200000",
            "totalRevenue": "3306400000",
            "costOfRevenue": "2290700000",
            "costofGoodsAndServicesSold": "783000000",
            "operatingIncome": "650400000",
            "sellingGeneralAndAdministrative": "1489200000",
            "researchAndDevelopment": "424200000",
            "operatingExpenses": "1908800000",
            "investmentIncomeNet": "4500000",
            "netInterestIncome": "-14900000",
            "interestIncome": "4500000",
            "interestExpense": "14900000",
            "nonInterestIncome": "3321300000",
            "otherNonOperatingIncome": "-11600000",
            "depreciation": "65900000",
            "depreciationAndAmortization": "18500000",
            "incomeBeforeTax": "620900000",
            "incomeTaxExpense": "14100000",
            "interestAndDebtExpense": "14900000",
            "netIncomeFromContinuingOperations": "606700000",
            "comprehensiveIncomeNetOfTax": "601300000",
            "ebit": "635800000",
            "ebitda": "654300000",
            "netIncome": "606800000"
        },
        {
            "fiscalDateEnding": "2020-12-31",
            "reportedCurrency": "USD",
            "grossProfit": "2024400000",
            "totalRevenue": "2588900000",
            "costOfRevenue": "1774700000",
            "costofGoodsAndServicesSold": "570000000",
            "operatingIncome": "531800000",
            "sellingGeneralAndAdministrative": "1191400000",
            "researchAndDevelopment": "341400000",
            "operatingExpenses": "1492600000",
            "investmentIncomeNet": "17700000",
            "netInterestIncome": "0",
            "interestIncome": "17700000",
            "interestExpense": "0",
            "nonInterestIncome": "2588900000",
            "otherNonOperatingIncome": "-7800000",
            "depreciation": "55500000",
            "depreciationAndAmortization": "13300000",
            "incomeBeforeTax": "541700000",
            "incomeTaxExpense": "53200000",
            "interestAndDebtExpense": "0",
            "netIncomeFromContinuingOperations": "488500000",
            "comprehensiveIncomeNetOfTax": "488100000",
            "ebit": "541700000",
            "ebitda": "555000000",
            "netIncome": "488500000"
        },
        {
            "fiscalDateEnding": "2019-12-31",
            "reportedCurrency": "USD",
            "grossProfit": "1657100000",
            "totalRevenue": "2151500000",
            "costOfRevenue": "1545800000",
            "costofGoodsAndServicesSold": "505900000",
            "operatingIncome": "351000000",
            "sellingGeneralAndAdministrative": "1029000000",
            "researchAndDevelopment": "277100000",
            "operatingExpenses": "1306100000",
            "investmentIncomeNet": "42500000",
            "netInterestIncome": "0",
            "interestIncome": "42500000",
            "interestExpense": "0",
            "nonInterestIncome": "2151500000",
            "otherNonOperatingIncome": "-7500000",
            "depreciation": "50700000",
            "depreciationAndAmortization": "10900000",
            "incomeBeforeTax": "386000000",
            "incomeTaxExpense": "54300000",
            "interestAndDebtExpense": "0",
            "netIncomeFromContinuingOperations": "326500000",
            "comprehensiveIncomeNetOfTax": "333700000",
            "ebit": "386000000",
            "ebitda": "396900000",
            "netIncome": "331700000"
        },
        {
            "fiscalDateEnding": "2018-12-31",
            "reportedCurrency": "USD",
            "grossProfit": "1354200000",
            "totalRevenue": "1793000000",
            "costOfRevenue": "1334700000",
            "costofGoodsAndServicesSold": "450400000",
            "operatingIncome": "234400000",
            "sellingGeneralAndAdministrative": "875300000",
            "researchAndDevelopment": "244500000",
            "operatingExpenses": "1119800000",
            "investmentIncomeNet": "26500000",
            "netInterestIncome": "26500000",
            "interestIncome": "26500000",
            "interestExpense": "26500000",
            "nonInterestIncome": "-8200000",
            "otherNonOperatingIncome": "-6600000",
            "depreciation": "46700000",
            "depreciationAndAmortization": "9000000",
            "incomeBeforeTax": "254300000",
            "incomeTaxExpense": "-80600000",
            "interestAndDebtExpense": "None",
            "netIncomeFromContinuingOperations": "332200000",
            "comprehensiveIncomeNetOfTax": "334900000",
            "ebit": "234400000",
            "ebitda": "243400000",
            "netIncome": "334900000"
        }
    ],
    "quarterlyReports": [
        {
            "fiscalDateEnding": "2022-12-31",
            "reportedCurrency": "USD",
            "grossProfit": "985700000",
            "totalRevenue": "1227300000",
            "costOfRevenue": "803200000",
            "costofGoodsAndServicesSold": "297300000",
            "operatingIncome": "357800000",
            "sellingGeneralAndAdministrative": "500200000",
            "researchAndDevelopment": "128900000",
            "operatingExpenses": "627900000",
            "investmentIncomeNet": "9100000",
            "netInterestIncome": "-4500000",
            "interestIncome": "9100000",
            "interestExpense": "4500000",
            "nonInterestIncome": "1231800000",
            "otherNonOperatingIncome": "5800000",
            "depreciation": "21600000",
            "depreciationAndAmortization": "5700000",
            "incomeBeforeTax": "323000000",
            "incomeTaxExpense": "9200000",
            "interestAndDebtExpense": "4500000",
            "netIncomeFromContinuingOperations": "313800000",
            "comprehensiveIncomeNetOfTax": "319100000",
            "ebit": "327500000",
            "ebitda": "333200000",
            "netIncome": "313800000"
        },
        {
            "fiscalDateEnding": "2022-09-30",
            "reportedCurrency": "USD",
            "grossProfit": "866500000",
            "totalRevenue": "1147600000",
            "costOfRevenue": "756000000",
            "costofGoodsAndServicesSold": "283000000",
            "operatingIncome": "265500000",
            "sellingGeneralAndAdministrative": "467800000",
            "researchAndDevelopment": "134300000",
            "operatingExpenses": "601000000",
            "investmentIncomeNet": "4600000",
            "netInterestIncome": "-4500000",
            "interestIncome": "4600000",
            "interestExpense": "4500000",
            "nonInterestIncome": "1152100000",
            "otherNonOperatingIncome": "-900000",
            "depreciation": "21200000",
            "depreciationAndAmortization": "5200000",
            "incomeBeforeTax": "258900000",
            "incomeTaxExpense": "27300000",
            "interestAndDebtExpense": "4500000",
            "netIncomeFromContinuingOperations": "231100000",
            "comprehensiveIncomeNetOfTax": "229500000",
            "ebit": "263400000",
            "ebitda": "268600000",
            "netIncome": "231600000"
        },
        {
            "fiscalDateEnding": "2022-06-30",
            "reportedCurrency": "USD",
            "grossProfit": "779300000",
            "totalRevenue": "1017500000",
            "costOfRevenue": "717700000",
            "costofGoodsAndServicesSold": "250800000",
            "operatingIncome": "195300000",
            "sellingGeneralAndAdministrative": "460900000",
            "researchAndDevelopment": "124300000",
            "operatingExpenses": "584000000",
            "investmentIncomeNet": "2400000",
            "netInterestIncome": "-4500000",
            "interestIncome": "2400000",
            "interestExpense": "4500000",
            "nonInterestIncome": "1022000000",
            "otherNonOperatingIncome": "-9300000",
            "depreciation": "19100000",
            "depreciationAndAmortization": "6000000",
            "incomeBeforeTax": "175900000",
            "incomeTaxExpense": "2400000",
            "interestAndDebtExpense": "4500000",
            "netIncomeFromContinuingOperations": "173400000",
            "comprehensiveIncomeNetOfTax": "165500000",
            "ebit": "180400000",
            "ebitda": "186400000",
            "netIncome": "173500000"
        },
        {
            "fiscalDateEnding": "2022-03-31",
            "reportedCurrency": "USD",
            "grossProfit": "701000000",
            "totalRevenue": "935600000",
            "costOfRevenue": "686400000",
            "costofGoodsAndServicesSold": "253800000",
            "operatingIncome": "151000000",
            "sellingGeneralAndAdministrative": "426200000",
            "researchAndDevelopment": "124900000",
            "operatingExpenses": "550000000",
            "investmentIncomeNet": "1300000",
            "netInterestIncome": "-4500000",
            "interestIncome": "1300000",
            "interestExpense": "4500000",
            "nonInterestIncome": "940100000",
            "otherNonOperatingIncome": "-9100000",
            "depreciation": "19100000",
            "depreciationAndAmortization": "6400000",
            "incomeBeforeTax": "130300000",
            "incomeTaxExpense": "-8100000",
            "interestAndDebtExpense": "4500000",
            "netIncomeFromContinuingOperations": "138300000",
            "comprehensiveIncomeNetOfTax": "127800000",
            "ebit": "134800000",
            "ebitda": "141200000",
            "netIncome": "138400000"
        },
        {
            "fiscalDateEnding": "2021-12-31",
            "reportedCurrency": "USD",
            "grossProfit": "735300000",
            "totalRevenue": "943900000",
            "costOfRevenue": "644100000",
            "costofGoodsAndServicesSold": "228300000",
            "operatingIncome": "214900000",
            "sellingGeneralAndAdministrative": "409000000",
            "researchAndDevelopment": "112600000",
            "operatingExpenses": "520400000",
            "investmentIncomeNet": "1000000",
            "netInterestIncome": "-4500000",
            "interestIncome": "1000000",
            "interestExpense": "4500000",
            "nonInterestIncome": "948400000",
            "otherNonOperatingIncome": "-4100000",
            "depreciation": "18500000",
            "depreciationAndAmortization": "6800000",
            "incomeBeforeTax": "202700000",
            "incomeTaxExpense": "3700000",
            "interestAndDebtExpense": "4500000",
            "netIncomeFromContinuingOperations": "198800000",
            "comprehensiveIncomeNetOfTax": "195400000",
            "ebit": "207200000",
            "ebitda": "214000000",
            "netIncome": "199000000"
        },
        {
            "fiscalDateEnding": "2021-09-30",
            "reportedCurrency": "USD",
            "grossProfit": "656000000",
            "totalRevenue": "858900000",
            "costOfRevenue": "598900000",
            "costofGoodsAndServicesSold": "211200000",
            "operatingIncome": "166400000",
            "sellingGeneralAndAdministrative": "382900000",
            "researchAndDevelopment": "107800000",
            "operatingExpenses": "489600000",
            "investmentIncomeNet": "1200000",
            "netInterestIncome": "-4600000",
            "interestIncome": "1200000",
            "interestExpense": "4600000",
            "nonInterestIncome": "863500000",
            "otherNonOperatingIncome": "-6300000",
            "depreciation": "18100000",
            "depreciationAndAmortization": "4800000",
            "incomeBeforeTax": "153800000",
            "incomeTaxExpense": "-9300000",
            "interestAndDebtExpense": "4600000",
            "netIncomeFromContinuingOperations": "163200000",
            "comprehensiveIncomeNetOfTax": "162000000",
            "ebit": "158400000",
            "ebitda": "163200000",
            "netIncome": "163100000"
        },
        {
            "fiscalDateEnding": "2021-06-30",
            "reportedCurrency": "USD",
            "grossProfit": "614200000",
            "totalRevenue": "796600000",
            "costOfRevenue": "551700000",
            "costofGoodsAndServicesSold": "186900000",
            "operatingIncome": "147500000",
            "sellingGeneralAndAdministrative": "361300000",
            "researchAndDevelopment": "106600000",
            "operatingExpenses": "466700000",
            "investmentIncomeNet": "1200000",
            "netInterestIncome": "-4500000",
            "interestIncome": "1200000",
            "interestExpense": "4500000",
            "nonInterestIncome": "801100000",
            "otherNonOperatingIncome": "800000",
            "depreciation": "15300000",
            "depreciationAndAmortization": "3500000",
            "incomeBeforeTax": "145000000",
            "incomeTaxExpense": "7500000",
            "interestAndDebtExpense": "4500000",
            "netIncomeFromContinuingOperations": "137500000",
            "comprehensiveIncomeNetOfTax": "137100000",
            "ebit": "149500000",
            "ebitda": "153000000",
            "netIncome": "137500000"
        },
        {
            "fiscalDateEnding": "2021-03-31",
            "reportedCurrency": "USD",
            "grossProfit": "553700000",
            "totalRevenue": "710300000",
            "costOfRevenue": "496000000",
            "costofGoodsAndServicesSold": "156600000",
            "operatingIncome": "121600000",
            "sellingGeneralAndAdministrative": "336000000",
            "researchAndDevelopment": "97200000",
            "operatingExpenses": "432100000",
            "investmentIncomeNet": "1100000",
            "netInterestIncome": "-1300000",
            "interestIncome": "None",
            "interestExpense": "1300000",
            "nonInterestIncome": "710300000",
            "otherNonOperatingIncome": "-2000000",
            "depreciation": "14000000",
            "depreciationAndAmortization": "3400000",
            "incomeBeforeTax": "119400000",
            "incomeTaxExpense": "12200000",
            "interestAndDebtExpense": "1300000",
            "netIncomeFromContinuingOperations": "107200000",
            "comprehensiveIncomeNetOfTax": "106800000",
            "ebit": "120700000",
            "ebitda": "124100000",
            "netIncome": "107200000"
        },
        {
            "fiscalDateEnding": "2020-12-31",
            "reportedCurrency": "USD",
            "grossProfit": "581000000",
            "totalRevenue": "742500000",
            "costOfRevenue": "493600000",
            "costofGoodsAndServicesSold": "167000000",
            "operatingIncome": "169400000",
            "sellingGeneralAndAdministrative": "323800000",
            "researchAndDevelopment": "89000000",
            "operatingExpenses": "411600000",
            "investmentIncomeNet": "2000000",
            "netInterestIncome": "0",
            "interestIncome": "2000000",
            "interestExpense": "0",
            "nonInterestIncome": "742500000",
            "otherNonOperatingIncome": "300000",
            "depreciation": "13900000",
            "depreciationAndAmortization": "2800000",
            "incomeBeforeTax": "171700000",
            "incomeTaxExpense": "25000000",
            "interestAndDebtExpense": "0",
            "netIncomeFromContinuingOperations": "146700000",
            "comprehensiveIncomeNetOfTax": "146000000",
            "ebit": "171700000",
            "ebitda": "174500000",
            "netIncome": "146700000"
        },
        {
            "fiscalDateEnding": "2020-09-30",
            "reportedCurrency": "USD",
            "grossProfit": "511900000",
            "totalRevenue": "651100000",
            "costOfRevenue": "438100000",
            "costofGoodsAndServicesSold": "139200000",
            "operatingIncome": "126900000",
            "sellingGeneralAndAdministrative": "296100000",
            "researchAndDevelopment": "90000000",
            "operatingExpenses": "385000000",
            "investmentIncomeNet": "2500000",
            "netInterestIncome": "0",
            "interestIncome": "2500000",
            "interestExpense": "0",
            "nonInterestIncome": "651100000",
            "otherNonOperatingIncome": "-1000000",
            "depreciation": "13900000",
            "depreciationAndAmortization": "2800000",
            "incomeBeforeTax": "128400000",
            "incomeTaxExpense": "5000000",
            "interestAndDebtExpense": "0",
            "netIncomeFromContinuingOperations": "123400000",
            "comprehensiveIncomeNetOfTax": "122300000",
            "ebit": "128400000",
            "ebitda": "131200000",
            "netIncome": "123400000"
        },
        {
            "fiscalDateEnding": "2020-06-30",
            "reportedCurrency": "USD",
            "grossProfit": "482500000",
            "totalRevenue": "615500000",
            "costOfRevenue": "421500000",
            "costofGoodsAndServicesSold": "135100000",
            "operatingIncome": "118800000",
            "sellingGeneralAndAdministrative": "282700000",
            "researchAndDevelopment": "82100000",
            "operatingExpenses": "363700000",
            "investmentIncomeNet": "4000000",
            "netInterestIncome": "0",
            "interestIncome": "4000000",
            "interestExpense": "0",
            "nonInterestIncome": "615500000",
            "otherNonOperatingIncome": "900000",
            "depreciation": "14100000",
            "depreciationAndAmortization": "3700000",
            "incomeBeforeTax": "123700000",
            "incomeTaxExpense": "9900000",
            "interestAndDebtExpense": "0",
            "netIncomeFromContinuingOperations": "112100000",
            "comprehensiveIncomeNetOfTax": "119400000",
            "ebit": "123700000",
            "ebitda": "127400000",
            "netIncome": "113800000"
        },
        {
            "fiscalDateEnding": "2020-03-31",
            "reportedCurrency": "USD",
            "grossProfit": "449000000",
            "totalRevenue": "576900000",
            "costOfRevenue": "421500000",
            "costofGoodsAndServicesSold": "128700000",
            "operatingIncome": "116700000",
            "sellingGeneralAndAdministrative": "288800000",
            "researchAndDevelopment": "80300000",
            "operatingExpenses": "332300000",
            "investmentIncomeNet": "9200000",
            "netInterestIncome": "9200000",
            "interestIncome": "9200000",
            "interestExpense": "9200000",
            "nonInterestIncome": "576900000",
            "otherNonOperatingIncome": "-8000000",
            "depreciation": "13600000",
            "depreciationAndAmortization": "4000000",
            "incomeBeforeTax": "117900000",
            "incomeTaxExpense": "13300000",
            "interestAndDebtExpense": "None",
            "netIncomeFromContinuingOperations": "104000000",
            "comprehensiveIncomeNetOfTax": "100400000",
            "ebit": "116700000",
            "ebitda": "120700000",
            "netIncome": "104600000"
        },
        {
            "fiscalDateEnding": "2019-12-31",
            "reportedCurrency": "USD",
            "grossProfit": "477600000",
            "totalRevenue": "609700000",
            "costOfRevenue": "427600000",
            "costofGoodsAndServicesSold": "140500000",
            "operatingIncome": "122100000",
            "sellingGeneralAndAdministrative": "284300000",
            "researchAndDevelopment": "71200000",
            "operatingExpenses": "355500000",
            "investmentIncomeNet": "9900000",
            "netInterestIncome": "9900000",
            "interestIncome": "9900000",
            "interestExpense": "9900000",
            "nonInterestIncome": "609700000",
            "otherNonOperatingIncome": "-600000",
            "depreciation": "12900000",
            "depreciationAndAmortization": "2800000",
            "incomeBeforeTax": "131400000",
            "incomeTaxExpense": "13200000",
            "interestAndDebtExpense": "None",
            "netIncomeFromContinuingOperations": "115200000",
            "comprehensiveIncomeNetOfTax": "118200000",
            "ebit": "122100000",
            "ebitda": "124900000",
            "netIncome": "118200000"
        },
        {
            "fiscalDateEnding": "2019-09-30",
            "reportedCurrency": "USD",
            "grossProfit": "424000000",
            "totalRevenue": "547500000",
            "costOfRevenue": "379800000",
            "costofGoodsAndServicesSold": "124100000",
            "operatingIncome": "100600000",
            "sellingGeneralAndAdministrative": "253500000",
            "researchAndDevelopment": "69900000",
            "operatingExpenses": "323400000",
            "investmentIncomeNet": "11400000",
            "netInterestIncome": "11400000",
            "interestIncome": "11400000",
            "interestExpense": "11400000",
            "nonInterestIncome": "547500000",
            "otherNonOperatingIncome": "-6000000",
            "depreciation": "12800000",
            "depreciationAndAmortization": "2200000",
            "incomeBeforeTax": "106000000",
            "incomeTaxExpense": "25800000",
            "interestAndDebtExpense": "None",
            "netIncomeFromContinuingOperations": "79800000",
            "comprehensiveIncomeNetOfTax": "80400000",
            "ebit": "100600000",
            "ebitda": "102800000",
            "netIncome": "80200000"
        },
        {
            "fiscalDateEnding": "2019-06-30",
            "reportedCurrency": "USD",
            "grossProfit": "393400000",
            "totalRevenue": "521700000",
            "costOfRevenue": "382000000",
            "costofGoodsAndServicesSold": "128300000",
            "operatingIncome": "75200000",
            "sellingGeneralAndAdministrative": "250800000",
            "researchAndDevelopment": "67400000",
            "operatingExpenses": "318200000",
            "investmentIncomeNet": "11000000",
            "netInterestIncome": "11000000",
            "interestIncome": "11000000",
            "interestExpense": "11000000",
            "nonInterestIncome": "521700000",
            "otherNonOperatingIncome": "-400000",
            "depreciation": "12300000",
            "depreciationAndAmortization": "2900000",
            "incomeBeforeTax": "85800000",
            "incomeTaxExpense": "13100000",
            "interestAndDebtExpense": "None",
            "netIncomeFromContinuingOperations": "72700000",
            "comprehensiveIncomeNetOfTax": "73800000",
            "ebit": "75200000",
            "ebitda": "78100000",
            "netIncome": "72700000"
        },
        {
            "fiscalDateEnding": "2019-03-31",
            "reportedCurrency": "USD",
            "grossProfit": "359600000",
            "totalRevenue": "472600000",
            "costOfRevenue": "356400000",
            "costofGoodsAndServicesSold": "113000000",
            "operatingIncome": "50600000",
            "sellingGeneralAndAdministrative": "240400000",
            "researchAndDevelopment": "68600000",
            "operatingExpenses": "309000000",
            "investmentIncomeNet": "10200000",
            "netInterestIncome": "10200000",
            "interestIncome": "10200000",
            "interestExpense": "10200000",
            "nonInterestIncome": "472600000",
            "otherNonOperatingIncome": "-500000",
            "depreciation": "12700000",
            "depreciationAndAmortization": "3000000",
            "incomeBeforeTax": "60300000",
            "incomeTaxExpense": "1500000",
            "interestAndDebtExpense": "None",
            "netIncomeFromContinuingOperations": "58800000",
            "comprehensiveIncomeNetOfTax": "59500000",
            "ebit": "50600000",
            "ebitda": "53600000",
            "netIncome": "58800000"
        },
        {
            "fiscalDateEnding": "2018-12-31",
            "reportedCurrency": "USD",
            "grossProfit": "381900000",
            "totalRevenue": "498800000",
            "costOfRevenue": "359300000",
            "costofGoodsAndServicesSold": "128500000",
            "operatingIncome": "88500000",
            "sellingGeneralAndAdministrative": "227900000",
            "researchAndDevelopment": "65500000",
            "operatingExpenses": "293400000",
            "investmentIncomeNet": "9300000",
            "netInterestIncome": "None",
            "interestIncome": "None",
            "interestExpense": "9300000",
            "nonInterestIncome": "-1302400000",
            "otherNonOperatingIncome": "-2300000",
            "depreciation": "11800000",
            "depreciationAndAmortization": "2900000",
            "incomeBeforeTax": "95500000",
            "incomeTaxExpense": "-89800000",
            "interestAndDebtExpense": "None",
            "netIncomeFromContinuingOperations": "182600000",
            "comprehensiveIncomeNetOfTax": "185500000",
            "ebit": "88500000",
            "ebitda": "91400000",
            "netIncome": "185300000"
        },
        {
            "fiscalDateEnding": "2018-09-30",
            "reportedCurrency": "USD",
            "grossProfit": "342300000",
            "totalRevenue": "453900000",
            "costOfRevenue": "334900000",
            "costofGoodsAndServicesSold": "111600000",
            "operatingIncome": "62800000",
            "sellingGeneralAndAdministrative": "220800000",
            "researchAndDevelopment": "58700000",
            "operatingExpenses": "279500000",
            "investmentIncomeNet": "6900000",
            "netInterestIncome": "None",
            "interestIncome": "None",
            "interestExpense": "6900000",
            "nonInterestIncome": "453900000",
            "otherNonOperatingIncome": "900000",
            "depreciation": "11800000",
            "depreciationAndAmortization": "2500000",
            "incomeBeforeTax": "70600000",
            "incomeTaxExpense": "11900000",
            "interestAndDebtExpense": "None",
            "netIncomeFromContinuingOperations": "58700000",
            "comprehensiveIncomeNetOfTax": "59100000",
            "ebit": "62800000",
            "ebitda": "65300000",
            "netIncome": "58700000"
        },
        {
            "fiscalDateEnding": "2018-06-30",
            "reportedCurrency": "USD",
            "grossProfit": "328200000",
            "totalRevenue": "441300000",
            "costOfRevenue": "331200000",
            "costofGoodsAndServicesSold": "113100000",
            "operatingIncome": "50700000",
            "sellingGeneralAndAdministrative": "216300000",
            "researchAndDevelopment": "61200000",
            "operatingExpenses": "277500000",
            "investmentIncomeNet": "5800000",
            "netInterestIncome": "None",
            "interestIncome": "None",
            "interestExpense": "5800000",
            "nonInterestIncome": "441300000",
            "otherNonOperatingIncome": "-5000000",
            "depreciation": "11800000",
            "depreciationAndAmortization": "1800000",
            "incomeBeforeTax": "51500000",
            "incomeTaxExpense": "2200000",
            "interestAndDebtExpense": "None",
            "netIncomeFromContinuingOperations": "49300000",
            "comprehensiveIncomeNetOfTax": "49900000",
            "ebit": "50700000",
            "ebitda": "52500000",
            "netIncome": "49300000"
        },
        {
            "fiscalDateEnding": "2018-03-31",
            "reportedCurrency": "USD",
            "grossProfit": "301800000",
            "totalRevenue": "399000000",
            "costOfRevenue": "309300000",
            "costofGoodsAndServicesSold": "97200000",
            "operatingIncome": "32400000",
            "sellingGeneralAndAdministrative": "210300000",
            "researchAndDevelopment": "59100000",
            "operatingExpenses": "269400000",
            "investmentIncomeNet": "4500000",
            "netInterestIncome": "None",
            "interestIncome": "None",
            "interestExpense": "4500000",
            "nonInterestIncome": "399000000",
            "otherNonOperatingIncome": "-200000",
            "depreciation": "11400000",
            "depreciationAndAmortization": "1800000",
            "incomeBeforeTax": "36700000",
            "incomeTaxExpense": "-4900000",
            "interestAndDebtExpense": "None",
            "netIncomeFromContinuingOperations": "41600000",
            "comprehensiveIncomeNetOfTax": "40400000",
            "ebit": "32400000",
            "ebitda": "34200000",
            "netIncome": "41600000"
        }
    ]
}