{
    "symbol": "GE",
    "annualReports": [
        {
            "fiscalDateEnding": "2022-12-31",
            "reportedCurrency": "USD",
            "grossProfit": "61681000000",
            "totalRevenue": "76555000000",
            "costOfRevenue": "14874000000",
            "costofGoodsAndServicesSold": "55535000000",
            "operatingIncome": "43418000000",
            "sellingGeneralAndAdministrative": "12781000000",
            "researchAndDevelopment": "2813000000",
            "operatingExpenses": "18263000000",
            "investmentIncomeNet": "456000000",
            "netInterestIncome": "-1607000000",
            "interestIncome": "681000000",
            "interestExpense": "1607000000",
            "nonInterestIncome": "-365000000",
            "otherNonOperatingIncome": "766000000",
            "depreciation": "None",
            "depreciationAndAmortization": "1742000000",
            "incomeBeforeTax": "701000000",
            "incomeTaxExpense": "476000000",
            "interestAndDebtExpense": "465000000",
            "netIncomeFromContinuingOperations": "869000000",
            "comprehensiveIncomeNetOfTax": "-2668000000",
            "ebit": "43418000000",
            "ebitda": "45160000000",
            "netIncome": "225000000"
        },
        {
            "fiscalDateEnding": "2021-12-31",
            "reportedCurrency": "USD",
            "grossProfit": "61860000000",
            "totalRevenue": "74196000000",
            "costOfRevenue": "12336000000",
            "costofGoodsAndServicesSold": "53896000000",
            "operatingIncome": "46149000000",
            "sellingGeneralAndAdministrative": "11716000000",
            "researchAndDevelopment": "2497000000",
            "operatingExpenses": "15711000000",
            "investmentIncomeNet": "621000000",
            "netInterestIncome": "-1876000000",
            "interestIncome": "2111000000",
            "interestExpense": "1876000000",
            "nonInterestIncome": "-6495000000",
            "otherNonOperatingIncome": "None",
            "depreciation": "None",
            "depreciationAndAmortization": "1138000000",
            "incomeBeforeTax": "-6806000000",
            "incomeTaxExpense": "-286000000",
            "interestAndDebtExpense": "6524000000",
            "netIncomeFromContinuingOperations": "-3325000000",
            "comprehensiveIncomeNetOfTax": "4810000000",
            "ebit": "46149000000",
            "ebitda": "47287000000",
            "netIncome": "-6520000000"
        },
        {
            "fiscalDateEnding": "2020-12-31",
            "reportedCurrency": "USD",
            "grossProfit": "3231000000",
            "totalRevenue": "75833000000",
            "costOfRevenue": "76388000000",
            "costofGoodsAndServicesSold": "60421000000",
            "operatingIncome": "-2809000000",
            "sellingGeneralAndAdministrative": "12628000000",
            "researchAndDevelopment": "2565000000",
            "operatingExpenses": "6040000000",
            "investmentIncomeNet": "590000000",
            "netInterestIncome": "-3273000000",
            "interestIncome": "2606000000",
            "interestExpense": "3273000000",
            "nonInterestIncome": "-2105000000",
            "otherNonOperatingIncome": "11387000000",
            "depreciation": "4636000000",
            "depreciationAndAmortization": "1382000000",
            "incomeBeforeTax": "5217000000",
            "incomeTaxExpense": "-487000000",
            "interestAndDebtExpense": "301000000",
            "netIncomeFromContinuingOperations": "6615000000",
            "comprehensiveIncomeNetOfTax": "7688000000",
            "ebit": "-2809000000",
            "ebitda": "-1427000000",
            "netIncome": "5704000000"
        },
        {
            "fiscalDateEnding": "2019-12-31",
            "reportedCurrency": "USD",
            "grossProfit": "7945000000",
            "totalRevenue": "90221000000",
            "costOfRevenue": "87269000000",
            "costofGoodsAndServicesSold": "66911000000",
            "operatingIncome": "-9338000000",
            "sellingGeneralAndAdministrative": "13806000000",
            "researchAndDevelopment": "3118000000",
            "operatingExpenses": "17283000000",
            "investmentIncomeNet": "1507000000",
            "netInterestIncome": "-475000000",
            "interestIncome": "1220000000",
            "interestExpense": "4227000000",
            "nonInterestIncome": "693000000",
            "otherNonOperatingIncome": "2222000000",
            "depreciation": "4026000000",
            "depreciationAndAmortization": "1569000000",
            "incomeBeforeTax": "-4427000000",
            "incomeTaxExpense": "552000000",
            "interestAndDebtExpense": "256000000",
            "netIncomeFromContinuingOperations": "-613000000",
            "comprehensiveIncomeNetOfTax": "-2297000000",
            "ebit": "-9338000000",
            "ebitda": "-7769000000",
            "netIncome": "-4979000000"
        },
        {
            "fiscalDateEnding": "2018-12-31",
            "reportedCurrency": "USD",
            "grossProfit": "78706000000",
            "totalRevenue": "97012000000",
            "costOfRevenue": "42909000000",
            "costofGoodsAndServicesSold": "72818000000",
            "operatingIncome": "32377000000",
            "sellingGeneralAndAdministrative": "14643000000",
            "researchAndDevelopment": "3415000000",
            "operatingExpenses": "46329000000",
            "investmentIncomeNet": "136000000",
            "netInterestIncome": "-1408000000",
            "interestIncome": "669000000",
            "interestExpense": "5059000000",
            "nonInterestIncome": "121615000000",
            "otherNonOperatingIncome": "None",
            "depreciation": "4419000000",
            "depreciationAndAmortization": "2662000000",
            "incomeBeforeTax": "-22262000000",
            "incomeTaxExpense": "93000000",
            "interestAndDebtExpense": "None",
            "netIncomeFromContinuingOperations": "-20991000000",
            "comprehensiveIncomeNetOfTax": "-22364000000",
            "ebit": "32377000000",
            "ebitda": "35039000000",
            "netIncome": "-22355000000"
        }
    ],
    "quarterlyReports": [
        {
            "fiscalDateEnding": "2022-12-31",
            "reportedCurrency": "USD",
            "grossProfit": "6319000000",
            "totalRevenue": "21786000000",
            "costOfRevenue": "15467000000",
            "costofGoodsAndServicesSold": "15467000000",
            "operatingIncome": "6319000000",
            "sellingGeneralAndAdministrative": "3542000000",
            "researchAndDevelopment": "790000000",
            "operatingExpenses": "4992000000",
            "investmentIncomeNet": "200000000",
            "netInterestIncome": "-416000000",
            "interestIncome": "2436000000",
            "interestExpense": "416000000",
            "nonInterestIncome": "21011000000",
            "otherNonOperatingIncome": "None",
            "depreciation": "None",
            "depreciationAndAmortization": "244000000",
            "incomeBeforeTax": "2157000000",
            "incomeTaxExpense": "-65000000",
            "interestAndDebtExpense": "465000000",
            "netIncomeFromContinuingOperations": "2286000000",
            "comprehensiveIncomeNetOfTax": "5316000000",
            "ebit": "6319000000",
            "ebitda": "6563000000",
            "netIncome": "2222000000"
        },
        {
            "fiscalDateEnding": "2022-09-30",
            "reportedCurrency": "USD",
            "grossProfit": "15752000000",
            "totalRevenue": "19084000000",
            "costOfRevenue": "3332000000",
            "costofGoodsAndServicesSold": "14371000000",
            "operatingIncome": "11756000000",
            "sellingGeneralAndAdministrative": "2868000000",
            "researchAndDevelopment": "686000000",
            "operatingExpenses": "3996000000",
            "investmentIncomeNet": "125000000",
            "netInterestIncome": "-265000000",
            "interestIncome": "125000000",
            "interestExpense": "390000000",
            "nonInterestIncome": "0",
            "otherNonOperatingIncome": "None",
            "depreciation": "None",
            "depreciationAndAmortization": "237000000",
            "incomeBeforeTax": "-144000000",
            "incomeTaxExpense": "21000000",
            "interestAndDebtExpense": "0",
            "netIncomeFromContinuingOperations": "-80000000",
            "comprehensiveIncomeNetOfTax": "-2718000000",
            "ebit": "11756000000",
            "ebitda": "11993000000",
            "netIncome": "-165000000"
        },
        {
            "fiscalDateEnding": "2022-06-30",
            "reportedCurrency": "USD",
            "grossProfit": "15482000000",
            "totalRevenue": "18646000000",
            "costOfRevenue": "3164000000",
            "costofGoodsAndServicesSold": "13244000000",
            "operatingIncome": "11626000000",
            "sellingGeneralAndAdministrative": "2720000000",
            "researchAndDevelopment": "696000000",
            "operatingExpenses": "3856000000",
            "investmentIncomeNet": "42000000",
            "netInterestIncome": "-352000000",
            "interestIncome": "42000000",
            "interestExpense": "394000000",
            "nonInterestIncome": "9000000",
            "otherNonOperatingIncome": "None",
            "depreciation": "None",
            "depreciationAndAmortization": "237000000",
            "incomeBeforeTax": "-473000000",
            "incomeTaxExpense": "317000000",
            "interestAndDebtExpense": "0",
            "netIncomeFromContinuingOperations": "-580000000",
            "comprehensiveIncomeNetOfTax": "-3983000000",
            "ebit": "11626000000",
            "ebitda": "11863000000",
            "netIncome": "-790000000"
        },
        {
            "fiscalDateEnding": "2022-03-31",
            "reportedCurrency": "USD",
            "grossProfit": "12245000000",
            "totalRevenue": "17040000000",
            "costOfRevenue": "4795000000",
            "costofGoodsAndServicesSold": "12453000000",
            "operatingIncome": "6824000000",
            "sellingGeneralAndAdministrative": "3651000000",
            "researchAndDevelopment": "641000000",
            "operatingExpenses": "5421000000",
            "investmentIncomeNet": "-132000000",
            "netInterestIncome": "-538000000",
            "interestIncome": "107000000",
            "interestExpense": "538000000",
            "nonInterestIncome": "39000000",
            "otherNonOperatingIncome": "None",
            "depreciation": "None",
            "depreciationAndAmortization": "1025000000",
            "incomeBeforeTax": "-838000000",
            "incomeTaxExpense": "204000000",
            "interestAndDebtExpense": "0",
            "netIncomeFromContinuingOperations": "-757000000",
            "comprehensiveIncomeNetOfTax": "-1283000000",
            "ebit": "6824000000",
            "ebitda": "7849000000",
            "netIncome": "-1042000000"
        },
        {
            "fiscalDateEnding": "2021-12-31",
            "reportedCurrency": "USD",
            "grossProfit": "5965000000",
            "totalRevenue": "20303000000",
            "costOfRevenue": "14338000000",
            "costofGoodsAndServicesSold": "14338000000",
            "operatingIncome": "5965000000",
            "sellingGeneralAndAdministrative": "3213000000",
            "researchAndDevelopment": "705000000",
            "operatingExpenses": "4309000000",
            "investmentIncomeNet": "104000000",
            "netInterestIncome": "-426000000",
            "interestIncome": "1143000000",
            "interestExpense": "426000000",
            "nonInterestIncome": "19492000000",
            "otherNonOperatingIncome": "None",
            "depreciation": "None",
            "depreciationAndAmortization": "278000000",
            "incomeBeforeTax": "-3806000000",
            "incomeTaxExpense": "37000000",
            "interestAndDebtExpense": "3658000000",
            "netIncomeFromContinuingOperations": "-3504000000",
            "comprehensiveIncomeNetOfTax": "2816000000",
            "ebit": "5965000000",
            "ebitda": "6243000000",
            "netIncome": "-3843000000"
        },
        {
            "fiscalDateEnding": "2021-09-30",
            "reportedCurrency": "USD",
            "grossProfit": "2009000000",
            "totalRevenue": "18569000000",
            "costOfRevenue": "16420000000",
            "costofGoodsAndServicesSold": "13401000000",
            "operatingIncome": "-1665000000",
            "sellingGeneralAndAdministrative": "2745000000",
            "researchAndDevelopment": "627000000",
            "operatingExpenses": "3674000000",
            "investmentIncomeNet": "133000000",
            "netInterestIncome": "20000000",
            "interestIncome": "482000000",
            "interestExpense": "462000000",
            "nonInterestIncome": "16000000",
            "otherNonOperatingIncome": "None",
            "depreciation": "None",
            "depreciationAndAmortization": "272000000",
            "incomeBeforeTax": "1259000000",
            "incomeTaxExpense": "2000000",
            "interestAndDebtExpense": "463000000",
            "netIncomeFromContinuingOperations": "655000000",
            "comprehensiveIncomeNetOfTax": "3999000000",
            "ebit": "-1665000000",
            "ebitda": "-1393000000",
            "netIncome": "1257000000"
        },
        {
            "fiscalDateEnding": "2021-06-30",
            "reportedCurrency": "USD",
            "grossProfit": "1507000000",
            "totalRevenue": "18253000000",
            "costOfRevenue": "16772000000",
            "costofGoodsAndServicesSold": "13618000000",
            "operatingIncome": "-2281000000",
            "sellingGeneralAndAdministrative": "2863000000",
            "researchAndDevelopment": "604000000",
            "operatingExpenses": "3788000000",
            "investmentIncomeNet": "233000000",
            "netInterestIncome": "114000000",
            "interestIncome": "602000000",
            "interestExpense": "488000000",
            "nonInterestIncome": "-1402000000",
            "otherNonOperatingIncome": "None",
            "depreciation": "None",
            "depreciationAndAmortization": "288000000",
            "incomeBeforeTax": "-1597000000",
            "incomeTaxExpense": "-466000000",
            "interestAndDebtExpense": "1416000000",
            "netIncomeFromContinuingOperations": "-568000000",
            "comprehensiveIncomeNetOfTax": "-58000000",
            "ebit": "-2281000000",
            "ebitda": "-1993000000",
            "netIncome": "-1131000000"
        },
        {
            "fiscalDateEnding": "2021-03-31",
            "reportedCurrency": "USD",
            "grossProfit": "1388000000",
            "totalRevenue": "17071000000",
            "costOfRevenue": "15730000000",
            "costofGoodsAndServicesSold": "12538000000",
            "operatingIncome": "-2397000000",
            "sellingGeneralAndAdministrative": "2894000000",
            "researchAndDevelopment": "561000000",
            "operatingExpenses": "3782000000",
            "investmentIncomeNet": "446000000",
            "netInterestIncome": "-61000000",
            "interestIncome": "439000000",
            "interestExpense": "500000000",
            "nonInterestIncome": "3000000",
            "otherNonOperatingIncome": "None",
            "depreciation": "None",
            "depreciationAndAmortization": "301000000",
            "incomeBeforeTax": "-2660000000",
            "incomeTaxExpense": "142000000",
            "interestAndDebtExpense": "0",
            "netIncomeFromContinuingOperations": "92000000",
            "comprehensiveIncomeNetOfTax": "-1947000000",
            "ebit": "-2397000000",
            "ebitda": "-2096000000",
            "netIncome": "-2802000000"
        },
        {
            "fiscalDateEnding": "2020-12-31",
            "reportedCurrency": "USD",
            "grossProfit": "5263000000",
            "totalRevenue": "21033000000",
            "costOfRevenue": "15770000000",
            "costofGoodsAndServicesSold": "15770000000",
            "operatingIncome": "5263000000",
            "sellingGeneralAndAdministrative": "3284000000",
            "researchAndDevelopment": "636000000",
            "operatingExpenses": "5944000000",
            "investmentIncomeNet": "None",
            "netInterestIncome": "-737000000",
            "interestIncome": "2012000000",
            "interestExpense": "3522000000",
            "nonInterestIncome": "20264000000",
            "otherNonOperatingIncome": "2957000000",
            "depreciation": "None",
            "depreciationAndAmortization": "306000000",
            "incomeBeforeTax": "2738000000",
            "incomeTaxExpense": "102000000",
            "interestAndDebtExpense": "-1552000000",
            "netIncomeFromContinuingOperations": "2477000000",
            "comprehensiveIncomeNetOfTax": "2386000000",
            "ebit": "5263000000",
            "ebitda": "5569000000",
            "netIncome": "2636000000"
        },
        {
            "fiscalDateEnding": "2020-09-30",
            "reportedCurrency": "USD",
            "grossProfit": "374000000",
            "totalRevenue": "18609000000",
            "costOfRevenue": "19043000000",
            "costofGoodsAndServicesSold": "14042000000",
            "operatingIncome": "-3478000000",
            "sellingGeneralAndAdministrative": "3215000000",
            "researchAndDevelopment": "595000000",
            "operatingExpenses": "3852000000",
            "investmentIncomeNet": "None",
            "netInterestIncome": "-1327000000",
            "interestIncome": "1405000000",
            "interestExpense": "1327000000",
            "nonInterestIncome": "15000000",
            "otherNonOperatingIncome": "-517000000",
            "depreciation": "None",
            "depreciationAndAmortization": "428000000",
            "incomeBeforeTax": "-1627000000",
            "incomeTaxExpense": "-483000000",
            "interestAndDebtExpense": "526000000",
            "netIncomeFromContinuingOperations": "-1087000000",
            "comprehensiveIncomeNetOfTax": "-449000000",
            "ebit": "-3478000000",
            "ebitda": "-3050000000",
            "netIncome": "-1144000000"
        },
        {
            "fiscalDateEnding": "2020-06-30",
            "reportedCurrency": "USD",
            "grossProfit": "-2437000000",
            "totalRevenue": "16811000000",
            "costOfRevenue": "20187000000",
            "costofGoodsAndServicesSold": "13633000000",
            "operatingIncome": "-7670000000",
            "sellingGeneralAndAdministrative": "3068000000",
            "researchAndDevelopment": "611000000",
            "operatingExpenses": "5233000000",
            "investmentIncomeNet": "None",
            "netInterestIncome": "958000000",
            "interestIncome": "1955000000",
            "interestExpense": "997000000",
            "nonInterestIncome": "-123000000",
            "otherNonOperatingIncome": "2078000000",
            "depreciation": "None",
            "depreciationAndAmortization": "308000000",
            "incomeBeforeTax": "-2147000000",
            "incomeTaxExpense": "-160000000",
            "interestAndDebtExpense": "205000000",
            "netIncomeFromContinuingOperations": "-994000000",
            "comprehensiveIncomeNetOfTax": "-1362000000",
            "ebit": "-7670000000",
            "ebitda": "-7362000000",
            "netIncome": "-1987000000"
        },
        {
            "fiscalDateEnding": "2020-03-31",
            "reportedCurrency": "USD",
            "grossProfit": "1424000000",
            "totalRevenue": "19380000000",
            "costOfRevenue": "19100000000",
            "costofGoodsAndServicesSold": "14426000000",
            "operatingIncome": "-2090000000",
            "sellingGeneralAndAdministrative": "3061000000",
            "researchAndDevelopment": "723000000",
            "operatingExpenses": "-8858000000",
            "investmentIncomeNet": "None",
            "netInterestIncome": "-794000000",
            "interestIncome": "6388000000",
            "interestExpense": "794000000",
            "nonInterestIncome": "12372000000",
            "otherNonOperatingIncome": "6869000000",
            "depreciation": "991000000",
            "depreciationAndAmortization": "340000000",
            "incomeBeforeTax": "6253000000",
            "incomeTaxExpense": "54000000",
            "interestAndDebtExpense": "None",
            "netIncomeFromContinuingOperations": "6218000000",
            "comprehensiveIncomeNetOfTax": "7113000000",
            "ebit": "-2090000000",
            "ebitda": "-1750000000",
            "netIncome": "6199000000"
        },
        {
            "fiscalDateEnding": "2019-12-31",
            "reportedCurrency": "USD",
            "grossProfit": "2742000000",
            "totalRevenue": "21245000000",
            "costOfRevenue": "23496000000",
            "costofGoodsAndServicesSold": "15962000000",
            "operatingIncome": "-1640000000",
            "sellingGeneralAndAdministrative": "3686000000",
            "researchAndDevelopment": "None",
            "operatingExpenses": "4382000000",
            "investmentIncomeNet": "None",
            "netInterestIncome": "2797000000",
            "interestIncome": "336000000",
            "interestExpense": "955000000",
            "nonInterestIncome": "433000000",
            "otherNonOperatingIncome": "2064000000",
            "depreciation": "1057000000",
            "depreciationAndAmortization": "349000000",
            "incomeBeforeTax": "1281000000",
            "incomeTaxExpense": "553000000",
            "interestAndDebtExpense": "None",
            "netIncomeFromContinuingOperations": "-176000000",
            "comprehensiveIncomeNetOfTax": "357000000",
            "ebit": "-1640000000",
            "ebitda": "-1291000000",
            "netIncome": "728000000"
        },
        {
            "fiscalDateEnding": "2019-09-30",
            "reportedCurrency": "USD",
            "grossProfit": "1503000000",
            "totalRevenue": "23360000000",
            "costOfRevenue": "21857000000",
            "costofGoodsAndServicesSold": "17328000000",
            "operatingIncome": "-3125000000",
            "sellingGeneralAndAdministrative": "3293000000",
            "researchAndDevelopment": "None",
            "operatingExpenses": "4628000000",
            "investmentIncomeNet": "None",
            "netInterestIncome": "-1279000000",
            "interestIncome": "689000000",
            "interestExpense": "1279000000",
            "nonInterestIncome": "46000000",
            "otherNonOperatingIncome": "158000000",
            "depreciation": "1004000000",
            "depreciationAndAmortization": "496000000",
            "incomeBeforeTax": "-9382000000",
            "incomeTaxExpense": "41000000",
            "interestAndDebtExpense": "None",
            "netIncomeFromContinuingOperations": "-1283000000",
            "comprehensiveIncomeNetOfTax": "-7931000000",
            "ebit": "-3125000000",
            "ebitda": "-2629000000",
            "netIncome": "-9423000000"
        },
        {
            "fiscalDateEnding": "2019-06-30",
            "reportedCurrency": "USD",
            "grossProfit": "1632000000",
            "totalRevenue": "23414000000",
            "costOfRevenue": "27199000000",
            "costofGoodsAndServicesSold": "17412000000",
            "operatingIncome": "-3917000000",
            "sellingGeneralAndAdministrative": "3425000000",
            "researchAndDevelopment": "None",
            "operatingExpenses": "5549000000",
            "investmentIncomeNet": "None",
            "netInterestIncome": "-991000000",
            "interestIncome": "824000000",
            "interestExpense": "991000000",
            "nonInterestIncome": "-25128000000",
            "otherNonOperatingIncome": "None",
            "depreciation": "1487000000",
            "depreciationAndAmortization": "454000000",
            "incomeBeforeTax": "-54000000",
            "incomeTaxExpense": "-181000000",
            "interestAndDebtExpense": "None",
            "netIncomeFromContinuingOperations": "-114000000",
            "comprehensiveIncomeNetOfTax": "760000000",
            "ebit": "-3917000000",
            "ebitda": "-3463000000",
            "netIncome": "127000000"
        },
        {
            "fiscalDateEnding": "2019-03-31",
            "reportedCurrency": "USD",
            "grossProfit": "2324000000",
            "totalRevenue": "22202000000",
            "costOfRevenue": "24962000000",
            "costofGoodsAndServicesSold": "16208000000",
            "operatingIncome": "-2002000000",
            "sellingGeneralAndAdministrative": "3402000000",
            "researchAndDevelopment": "None",
            "operatingExpenses": "4326000000",
            "investmentIncomeNet": "None",
            "netInterestIncome": "-1133000000",
            "interestIncome": "None",
            "interestExpense": "1133000000",
            "nonInterestIncome": "25342000000",
            "otherNonOperatingIncome": "None",
            "depreciation": "995000000",
            "depreciationAndAmortization": "463000000",
            "incomeBeforeTax": "3728000000",
            "incomeTaxExpense": "140000000",
            "interestAndDebtExpense": "None",
            "netIncomeFromContinuingOperations": "960000000",
            "comprehensiveIncomeNetOfTax": "4517000000",
            "ebit": "-2002000000",
            "ebitda": "-1539000000",
            "netIncome": "3588000000"
        },
        {
            "fiscalDateEnding": "2018-12-31",
            "reportedCurrency": "USD",
            "grossProfit": "28015000000",
            "totalRevenue": "26499000000",
            "costOfRevenue": "5263000000",
            "costofGoodsAndServicesSold": "20574000000",
            "operatingIncome": "19412000000",
            "sellingGeneralAndAdministrative": "3630000000",
            "researchAndDevelopment": "4862000000",
            "operatingExpenses": "8603000000",
            "investmentIncomeNet": "None",
            "netInterestIncome": "None",
            "interestIncome": "None",
            "interestExpense": "1252000000",
            "nonInterestIncome": "33278000000",
            "otherNonOperatingIncome": "None",
            "depreciation": "1062000000",
            "depreciationAndAmortization": "536000000",
            "incomeBeforeTax": "394000000",
            "incomeTaxExpense": "-367000000",
            "interestAndDebtExpense": "None",
            "netIncomeFromContinuingOperations": "696000000",
            "comprehensiveIncomeNetOfTax": "-423000000",
            "ebit": "19412000000",
            "ebitda": "19948000000",
            "netIncome": "761000000"
        },
        {
            "fiscalDateEnding": "2018-09-30",
            "reportedCurrency": "USD",
            "grossProfit": "2745000000",
            "totalRevenue": "23392000000",
            "costOfRevenue": "26828000000",
            "costofGoodsAndServicesSold": "17847000000",
            "operatingIncome": "-24092000000",
            "sellingGeneralAndAdministrative": "4100000000",
            "researchAndDevelopment": "None",
            "operatingExpenses": "26837000000",
            "investmentIncomeNet": "None",
            "netInterestIncome": "None",
            "interestIncome": "None",
            "interestExpense": "1227000000",
            "nonInterestIncome": "29574000000",
            "otherNonOperatingIncome": "None",
            "depreciation": "1257000000",
            "depreciationAndAmortization": "831000000",
            "incomeBeforeTax": "-22717000000",
            "incomeTaxExpense": "52000000",
            "interestAndDebtExpense": "None",
            "netIncomeFromContinuingOperations": "-22917000000",
            "comprehensiveIncomeNetOfTax": "-22566000000",
            "ebit": "-24092000000",
            "ebitda": "-23261000000",
            "netIncome": "-22769000000"
        },
        {
            "fiscalDateEnding": "2018-06-30",
            "reportedCurrency": "USD",
            "grossProfit": "25616000000",
            "totalRevenue": "29162000000",
            "costOfRevenue": "4488000000",
            "costofGoodsAndServicesSold": "21749000000",
            "operatingIncome": "21116000000",
            "sellingGeneralAndAdministrative": "4346000000",
            "researchAndDevelopment": "None",
            "operatingExpenses": "4500000000",
            "investmentIncomeNet": "None",
            "netInterestIncome": "None",
            "interestIncome": "None",
            "interestExpense": "1295000000",
            "nonInterestIncome": "30104000000",
            "otherNonOperatingIncome": "None",
            "depreciation": "1395000000",
            "depreciationAndAmortization": "547000000",
            "incomeBeforeTax": "1304000000",
            "incomeTaxExpense": "504000000",
            "interestAndDebtExpense": "None",
            "netIncomeFromContinuingOperations": "864000000",
            "comprehensiveIncomeNetOfTax": "229000000",
            "ebit": "21116000000",
            "ebitda": "21663000000",
            "netIncome": "800000000"
        },
        {
            "fiscalDateEnding": "2018-03-31",
            "reportedCurrency": "USD",
            "grossProfit": "2317000000",
            "totalRevenue": "27788000000",
            "costOfRevenue": "26343000000",
            "costofGoodsAndServicesSold": "20911000000",
            "operatingIncome": "-2560000000",
            "sellingGeneralAndAdministrative": "4088000000",
            "researchAndDevelopment": "None",
            "operatingExpenses": "4877000000",
            "investmentIncomeNet": "None",
            "netInterestIncome": "None",
            "interestIncome": "None",
            "interestExpense": "1285000000",
            "nonInterestIncome": "26002000000",
            "otherNonOperatingIncome": "None",
            "depreciation": "1272000000",
            "depreciationAndAmortization": "613000000",
            "incomeBeforeTax": "-1197000000",
            "incomeTaxExpense": "-50000000",
            "interestAndDebtExpense": "None",
            "netIncomeFromContinuingOperations": "261000000",
            "comprehensiveIncomeNetOfTax": "395000000",
            "ebit": "-2560000000",
            "ebitda": "-1947000000",
            "netIncome": "-1147000000"
        }
    ]
}