{
    "symbol": "HON",
    "annualReports": [
        {
            "fiscalDateEnding": "2022-12-31",
            "reportedCurrency": "USD",
            "grossProfit": "5505000000",
            "totalRevenue": "35397000000",
            "costOfRevenue": "29892000000",
            "costofGoodsAndServicesSold": "23825000000",
            "operatingIncome": "-2382000000",
            "sellingGeneralAndAdministrative": "5214000000",
            "researchAndDevelopment": "1478000000",
            "operatingExpenses": "7887000000",
            "investmentIncomeNet": "138000000",
            "netInterestIncome": "-21000000",
            "interestIncome": "138000000",
            "interestExpense": "21000000",
            "nonInterestIncome": "35418000000",
            "otherNonOperatingIncome": "366000000",
            "depreciation": "657000000",
            "depreciationAndAmortization": "405000000",
            "incomeBeforeTax": "6378000000",
            "incomeTaxExpense": "1412000000",
            "interestAndDebtExpense": "414000000",
            "netIncomeFromContinuingOperations": "4967000000",
            "comprehensiveIncomeNetOfTax": "4386000000",
            "ebit": "6399000000",
            "ebitda": "6804000000",
            "netIncome": "4966000000"
        },
        {
            "fiscalDateEnding": "2021-12-31",
            "reportedCurrency": "USD",
            "grossProfit": "5268000000",
            "totalRevenue": "34343000000",
            "costOfRevenue": "29075000000",
            "costofGoodsAndServicesSold": "23394000000",
            "operatingIncome": "-1746000000",
            "sellingGeneralAndAdministrative": "4798000000",
            "researchAndDevelopment": "1333000000",
            "operatingExpenses": "7014000000",
            "investmentIncomeNet": "102000000",
            "netInterestIncome": "-24000000",
            "interestIncome": "102000000",
            "interestExpense": "24000000",
            "nonInterestIncome": "34367000000",
            "otherNonOperatingIncome": "1378000000",
            "depreciation": "674000000",
            "depreciationAndAmortization": "530000000",
            "incomeBeforeTax": "7167000000",
            "incomeTaxExpense": "1625000000",
            "interestAndDebtExpense": "343000000",
            "netIncomeFromContinuingOperations": "5610000000",
            "comprehensiveIncomeNetOfTax": "6028000000",
            "ebit": "7191000000",
            "ebitda": "7721000000",
            "netIncome": "5542000000"
        },
        {
            "fiscalDateEnding": "2020-12-31",
            "reportedCurrency": "USD",
            "grossProfit": "10468000000",
            "totalRevenue": "32678000000",
            "costOfRevenue": "27960000000",
            "costofGoodsAndServicesSold": "22169000000",
            "operatingIncome": "3343000000",
            "sellingGeneralAndAdministrative": "4772000000",
            "researchAndDevelopment": "1334000000",
            "operatingExpenses": "7125000000",
            "investmentIncomeNet": "107000000",
            "netInterestIncome": "-27000000",
            "interestIncome": "107000000",
            "interestExpense": "27000000",
            "nonInterestIncome": "32705000000",
            "otherNonOperatingIncome": "675000000",
            "depreciation": "644000000",
            "depreciationAndAmortization": "427000000",
            "incomeBeforeTax": "5926000000",
            "incomeTaxExpense": "1147000000",
            "interestAndDebtExpense": "359000000",
            "netIncomeFromContinuingOperations": "4865000000",
            "comprehensiveIncomeNetOfTax": "4599000000",
            "ebit": "5953000000",
            "ebitda": "6380000000",
            "netIncome": "4779000000"
        },
        {
            "fiscalDateEnding": "2019-12-31",
            "reportedCurrency": "USD",
            "grossProfit": "12370000000",
            "totalRevenue": "36905000000",
            "costOfRevenue": "30835000000",
            "costofGoodsAndServicesSold": "24339000000",
            "operatingIncome": "4318000000",
            "sellingGeneralAndAdministrative": "5519000000",
            "researchAndDevelopment": "1556000000",
            "operatingExpenses": "8052000000",
            "investmentIncomeNet": "255000000",
            "netInterestIncome": "-30000000",
            "interestIncome": "255000000",
            "interestExpense": "30000000",
            "nonInterestIncome": "36935000000",
            "otherNonOperatingIncome": "1065000000",
            "depreciation": "673000000",
            "depreciationAndAmortization": "480000000",
            "incomeBeforeTax": "7472000000",
            "incomeTaxExpense": "1329000000",
            "interestAndDebtExpense": "357000000",
            "netIncomeFromContinuingOperations": "6230000000",
            "comprehensiveIncomeNetOfTax": "6388000000",
            "ebit": "7502000000",
            "ebitda": "7982000000",
            "netIncome": "6143000000"
        },
        {
            "fiscalDateEnding": "2018-12-31",
            "reportedCurrency": "USD",
            "grossProfit": "12756000000",
            "totalRevenue": "42259000000",
            "costOfRevenue": "36367000000",
            "costofGoodsAndServicesSold": "29046000000",
            "operatingIncome": "3626000000",
            "sellingGeneralAndAdministrative": "6051000000",
            "researchAndDevelopment": "1809000000",
            "operatingExpenses": "9130000000",
            "investmentIncomeNet": "217000000",
            "netInterestIncome": "-150000000",
            "interestIncome": "217000000",
            "interestExpense": "367000000",
            "nonInterestIncome": "42259000000",
            "otherNonOperatingIncome": "1149000000",
            "depreciation": "721000000",
            "depreciationAndAmortization": "395000000",
            "incomeBeforeTax": "7424000000",
            "incomeTaxExpense": "659000000",
            "interestAndDebtExpense": "367000000",
            "netIncomeFromContinuingOperations": "6828000000",
            "comprehensiveIncomeNetOfTax": "5569000000",
            "ebit": "3626000000",
            "ebitda": "4021000000",
            "netIncome": "6765000000"
        }
    ],
    "quarterlyReports": [
        {
            "fiscalDateEnding": "2022-12-31",
            "reportedCurrency": "USD",
            "grossProfit": "1248000000",
            "totalRevenue": "9149000000",
            "costOfRevenue": "7901000000",
            "costofGoodsAndServicesSold": "6124000000",
            "operatingIncome": "-7967000000",
            "sellingGeneralAndAdministrative": "1249000000",
            "researchAndDevelopment": "None",
            "operatingExpenses": "3597000000",
            "investmentIncomeNet": "61000000",
            "netInterestIncome": "-144000000",
            "interestIncome": "61000000",
            "interestExpense": "144000000",
            "nonInterestIncome": "9170000000",
            "otherNonOperatingIncome": "-480000000",
            "depreciation": "163000000",
            "depreciationAndAmortization": "299000000",
            "incomeBeforeTax": "1187000000",
            "incomeTaxExpense": "168000000",
            "interestAndDebtExpense": "144000000",
            "netIncomeFromContinuingOperations": "1021000000",
            "comprehensiveIncomeNetOfTax": "840000000",
            "ebit": "-7967000000",
            "ebitda": "1630000000",
            "netIncome": "1019000000"
        },
        {
            "fiscalDateEnding": "2022-09-30",
            "reportedCurrency": "USD",
            "grossProfit": "1659000000",
            "totalRevenue": "8939000000",
            "costOfRevenue": "7280000000",
            "costofGoodsAndServicesSold": "5981000000",
            "operatingIncome": "1952000000",
            "sellingGeneralAndAdministrative": "1228000000",
            "researchAndDevelopment": "None",
            "operatingExpenses": "1299000000",
            "investmentIncomeNet": "37000000",
            "netInterestIncome": "-61000000",
            "interestIncome": "37000000",
            "interestExpense": "98000000",
            "nonInterestIncome": "8939000000",
            "otherNonOperatingIncome": "337000000",
            "depreciation": "166000000",
            "depreciationAndAmortization": "300000000",
            "incomeBeforeTax": "1984000000",
            "incomeTaxExpense": "432000000",
            "interestAndDebtExpense": "98000000",
            "netIncomeFromContinuingOperations": "1549000000",
            "comprehensiveIncomeNetOfTax": "1139000000",
            "ebit": "1952000000",
            "ebitda": "2382000000",
            "netIncome": "1552000000"
        },
        {
            "fiscalDateEnding": "2022-06-30",
            "reportedCurrency": "USD",
            "grossProfit": "1486000000",
            "totalRevenue": "8931000000",
            "costOfRevenue": "7445000000",
            "costofGoodsAndServicesSold": "6046000000",
            "operatingIncome": "1867000000",
            "sellingGeneralAndAdministrative": "1306000000",
            "researchAndDevelopment": "None",
            "operatingExpenses": "1399000000",
            "investmentIncomeNet": "20000000",
            "netInterestIncome": "-67000000",
            "interestIncome": "20000000",
            "interestExpense": "87000000",
            "nonInterestIncome": "8931000000",
            "otherNonOperatingIncome": "190000000",
            "depreciation": "161000000",
            "depreciationAndAmortization": "275000000",
            "incomeBeforeTax": "1702000000",
            "incomeTaxExpense": "441000000",
            "interestAndDebtExpense": "87000000",
            "netIncomeFromContinuingOperations": "1263000000",
            "comprehensiveIncomeNetOfTax": "1165000000",
            "ebit": "1867000000",
            "ebitda": "1865000000",
            "netIncome": "1261000000"
        },
        {
            "fiscalDateEnding": "2022-03-31",
            "reportedCurrency": "USD",
            "grossProfit": "1112000000",
            "totalRevenue": "8378000000",
            "costOfRevenue": "7266000000",
            "costofGoodsAndServicesSold": "5674000000",
            "operatingIncome": "1766000000",
            "sellingGeneralAndAdministrative": "1431000000",
            "researchAndDevelopment": "None",
            "operatingExpenses": "1592000000",
            "investmentIncomeNet": "20000000",
            "netInterestIncome": "-65000000",
            "interestIncome": "20000000",
            "interestExpense": "85000000",
            "nonInterestIncome": "8378000000",
            "otherNonOperatingIncome": "319000000",
            "depreciation": "167000000",
            "depreciationAndAmortization": "330000000",
            "incomeBeforeTax": "1505000000",
            "incomeTaxExpense": "371000000",
            "interestAndDebtExpense": "85000000",
            "netIncomeFromContinuingOperations": "1134000000",
            "comprehensiveIncomeNetOfTax": "1242000000",
            "ebit": "1766000000",
            "ebitda": "1920000000",
            "netIncome": "1134000000"
        },
        {
            "fiscalDateEnding": "2021-12-31",
            "reportedCurrency": "USD",
            "grossProfit": "902000000",
            "totalRevenue": "8630000000",
            "costOfRevenue": "7728000000",
            "costofGoodsAndServicesSold": "5936000000",
            "operatingIncome": "-7107000000",
            "sellingGeneralAndAdministrative": "1203000000",
            "researchAndDevelopment": "None",
            "operatingExpenses": "3125000000",
            "investmentIncomeNet": "32000000",
            "netInterestIncome": "-80000000",
            "interestIncome": "32000000",
            "interestExpense": "80000000",
            "nonInterestIncome": "8654000000",
            "otherNonOperatingIncome": "355000000",
            "depreciation": "168000000",
            "depreciationAndAmortization": "290000000",
            "incomeBeforeTax": "1779000000",
            "incomeTaxExpense": "351000000",
            "interestAndDebtExpense": "80000000",
            "netIncomeFromContinuingOperations": "1442000000",
            "comprehensiveIncomeNetOfTax": "1730000000",
            "ebit": "-7107000000",
            "ebitda": "2149000000",
            "netIncome": "1428000000"
        },
        {
            "fiscalDateEnding": "2021-09-30",
            "reportedCurrency": "USD",
            "grossProfit": "1568000000",
            "totalRevenue": "8469000000",
            "costOfRevenue": "6901000000",
            "costofGoodsAndServicesSold": "5746000000",
            "operatingIncome": "1793000000",
            "sellingGeneralAndAdministrative": "1152000000",
            "researchAndDevelopment": "None",
            "operatingExpenses": "1155000000",
            "investmentIncomeNet": "28000000",
            "netInterestIncome": "-62000000",
            "interestIncome": "28000000",
            "interestExpense": "90000000",
            "nonInterestIncome": "8469000000",
            "otherNonOperatingIncome": "215000000",
            "depreciation": "171000000",
            "depreciationAndAmortization": "308000000",
            "incomeBeforeTax": "1684000000",
            "incomeTaxExpense": "427000000",
            "interestAndDebtExpense": "90000000",
            "netIncomeFromContinuingOperations": "1273000000",
            "comprehensiveIncomeNetOfTax": "1139000000",
            "ebit": "1793000000",
            "ebitda": "2082000000",
            "netIncome": "1257000000"
        },
        {
            "fiscalDateEnding": "2021-06-30",
            "reportedCurrency": "USD",
            "grossProfit": "1579000000",
            "totalRevenue": "8795000000",
            "costOfRevenue": "7216000000",
            "costofGoodsAndServicesSold": "6003000000",
            "operatingIncome": "1793000000",
            "sellingGeneralAndAdministrative": "1207000000",
            "researchAndDevelopment": "None",
            "operatingExpenses": "1213000000",
            "investmentIncomeNet": "23000000",
            "netInterestIncome": "-60000000",
            "interestIncome": "23000000",
            "interestExpense": "83000000",
            "nonInterestIncome": "8795000000",
            "otherNonOperatingIncome": "366000000",
            "depreciation": "164000000",
            "depreciationAndAmortization": "284000000",
            "incomeBeforeTax": "1864000000",
            "incomeTaxExpense": "434000000",
            "interestAndDebtExpense": "83000000",
            "netIncomeFromContinuingOperations": "1447000000",
            "comprehensiveIncomeNetOfTax": "1539000000",
            "ebit": "1793000000",
            "ebitda": "2231000000",
            "netIncome": "1430000000"
        },
        {
            "fiscalDateEnding": "2021-03-31",
            "reportedCurrency": "USD",
            "grossProfit": "1380000000",
            "totalRevenue": "8449000000",
            "costOfRevenue": "7069000000",
            "costofGoodsAndServicesSold": "5709000000",
            "operatingIncome": "1775000000",
            "sellingGeneralAndAdministrative": "1236000000",
            "researchAndDevelopment": "None",
            "operatingExpenses": "1360000000",
            "investmentIncomeNet": "19000000",
            "netInterestIncome": "-71000000",
            "interestIncome": "19000000",
            "interestExpense": "90000000",
            "nonInterestIncome": "8449000000",
            "otherNonOperatingIncome": "442000000",
            "depreciation": "171000000",
            "depreciationAndAmortization": "341000000",
            "incomeBeforeTax": "1840000000",
            "incomeTaxExpense": "413000000",
            "interestAndDebtExpense": "90000000",
            "netIncomeFromContinuingOperations": "1448000000",
            "comprehensiveIncomeNetOfTax": "1620000000",
            "ebit": "1775000000",
            "ebitda": "2271000000",
            "netIncome": "1427000000"
        },
        {
            "fiscalDateEnding": "2020-12-31",
            "reportedCurrency": "USD",
            "grossProfit": "2924000000",
            "totalRevenue": "8900000000",
            "costOfRevenue": "7732000000",
            "costofGoodsAndServicesSold": "5976000000",
            "operatingIncome": "2924000000",
            "sellingGeneralAndAdministrative": "1248000000",
            "researchAndDevelopment": "None",
            "operatingExpenses": "3090000000",
            "investmentIncomeNet": "21000000",
            "netInterestIncome": "-95000000",
            "interestIncome": "21000000",
            "interestExpense": "95000000",
            "nonInterestIncome": "8900000000",
            "otherNonOperatingIncome": "129000000",
            "depreciation": "164000000",
            "depreciationAndAmortization": "254000000",
            "incomeBeforeTax": "1690000000",
            "incomeTaxExpense": "331000000",
            "interestAndDebtExpense": "95000000",
            "netIncomeFromContinuingOperations": "2924000000",
            "comprehensiveIncomeNetOfTax": "1420000000",
            "ebit": "2924000000",
            "ebitda": "2039000000",
            "netIncome": "1359000000"
        },
        {
            "fiscalDateEnding": "2020-09-30",
            "reportedCurrency": "USD",
            "grossProfit": "2414000000",
            "totalRevenue": "7934000000",
            "costOfRevenue": "6492000000",
            "costofGoodsAndServicesSold": "5383000000",
            "operatingIncome": "333000000",
            "sellingGeneralAndAdministrative": "1103000000",
            "researchAndDevelopment": "None",
            "operatingExpenses": "1109000000",
            "investmentIncomeNet": "20000000",
            "netInterestIncome": "-81000000",
            "interestIncome": "20000000",
            "interestExpense": "101000000",
            "nonInterestIncome": "7934000000",
            "otherNonOperatingIncome": "-62000000",
            "depreciation": "166000000",
            "depreciationAndAmortization": "255000000",
            "incomeBeforeTax": "1125000000",
            "incomeTaxExpense": "367000000",
            "interestAndDebtExpense": "101000000",
            "netIncomeFromContinuingOperations": "781000000",
            "comprehensiveIncomeNetOfTax": "626000000",
            "ebit": "333000000",
            "ebitda": "1481000000",
            "netIncome": "758000000"
        },
        {
            "fiscalDateEnding": "2020-06-30",
            "reportedCurrency": "USD",
            "grossProfit": "2201000000",
            "totalRevenue": "7697000000",
            "costOfRevenue": "6465000000",
            "costofGoodsAndServicesSold": "5276000000",
            "operatingIncome": "43000000",
            "sellingGeneralAndAdministrative": "1183000000",
            "researchAndDevelopment": "None",
            "operatingExpenses": "1189000000",
            "investmentIncomeNet": "22000000",
            "netInterestIncome": "-68000000",
            "interestIncome": "22000000",
            "interestExpense": "90000000",
            "nonInterestIncome": "7697000000",
            "otherNonOperatingIncome": "291000000",
            "depreciation": "161000000",
            "depreciationAndAmortization": "250000000",
            "incomeBeforeTax": "1201000000",
            "incomeTaxExpense": "120000000",
            "interestAndDebtExpense": "90000000",
            "netIncomeFromContinuingOperations": "1099000000",
            "comprehensiveIncomeNetOfTax": "1121000000",
            "ebit": "43000000",
            "ebitda": "1541000000",
            "netIncome": "1081000000"
        },
        {
            "fiscalDateEnding": "2020-03-31",
            "reportedCurrency": "USD",
            "grossProfit": "2929000000",
            "totalRevenue": "8759000000",
            "costOfRevenue": "6863000000",
            "costofGoodsAndServicesSold": "5534000000",
            "operatingIncome": "567000000",
            "sellingGeneralAndAdministrative": "1238000000",
            "researchAndDevelopment": "None",
            "operatingExpenses": "1329000000",
            "investmentIncomeNet": "44000000",
            "netInterestIncome": "-29000000",
            "interestIncome": "44000000",
            "interestExpense": "73000000",
            "nonInterestIncome": "8759000000",
            "otherNonOperatingIncome": "317000000",
            "depreciation": "153000000",
            "depreciationAndAmortization": "243000000",
            "incomeBeforeTax": "1910000000",
            "incomeTaxExpense": "329000000",
            "interestAndDebtExpense": "73000000",
            "netIncomeFromContinuingOperations": "1606000000",
            "comprehensiveIncomeNetOfTax": "1432000000",
            "ebit": "567000000",
            "ebitda": "2226000000",
            "netIncome": "1581000000"
        },
        {
            "fiscalDateEnding": "2019-12-31",
            "reportedCurrency": "USD",
            "grossProfit": "3168000000",
            "totalRevenue": "9496000000",
            "costOfRevenue": "8441000000",
            "costofGoodsAndServicesSold": "6328000000",
            "operatingIncome": "3168000000",
            "sellingGeneralAndAdministrative": "1473000000",
            "researchAndDevelopment": "None",
            "operatingExpenses": "3669000000",
            "investmentIncomeNet": "61000000",
            "netInterestIncome": "-7000000",
            "interestIncome": "61000000",
            "interestExpense": "7000000",
            "nonInterestIncome": "9496000000",
            "otherNonOperatingIncome": "164000000",
            "depreciation": "173000000",
            "depreciationAndAmortization": "437000000",
            "incomeBeforeTax": "1740000000",
            "incomeTaxExpense": "178000000",
            "interestAndDebtExpense": "91000000",
            "netIncomeFromContinuingOperations": "3168000000",
            "comprehensiveIncomeNetOfTax": "1662000000",
            "ebit": "1747000000",
            "ebitda": "2184000000",
            "netIncome": "1562000000"
        },
        {
            "fiscalDateEnding": "2019-09-30",
            "reportedCurrency": "USD",
            "grossProfit": "3048000000",
            "totalRevenue": "9303000000",
            "costOfRevenue": "7355000000",
            "costofGoodsAndServicesSold": "6038000000",
            "operatingIncome": "631000000",
            "sellingGeneralAndAdministrative": "1296000000",
            "researchAndDevelopment": "None",
            "operatingExpenses": "1317000000",
            "investmentIncomeNet": "64000000",
            "netInterestIncome": "-8000000",
            "interestIncome": "64000000",
            "interestExpense": "8000000",
            "nonInterestIncome": "9311000000",
            "otherNonOperatingIncome": "311000000",
            "depreciation": "165000000",
            "depreciationAndAmortization": "15000000",
            "incomeBeforeTax": "1943000000",
            "incomeTaxExpense": "319000000",
            "interestAndDebtExpense": "96000000",
            "netIncomeFromContinuingOperations": "1648000000",
            "comprehensiveIncomeNetOfTax": "1787000000",
            "ebit": "1951000000",
            "ebitda": "1966000000",
            "netIncome": "1624000000"
        },
        {
            "fiscalDateEnding": "2019-06-30",
            "reportedCurrency": "USD",
            "grossProfit": "3149000000",
            "totalRevenue": "9382000000",
            "costOfRevenue": "7520000000",
            "costofGoodsAndServicesSold": "6094000000",
            "operatingIncome": "436000000",
            "sellingGeneralAndAdministrative": "1387000000",
            "researchAndDevelopment": "None",
            "operatingExpenses": "1426000000",
            "investmentIncomeNet": "63000000",
            "netInterestIncome": "-22000000",
            "interestIncome": "63000000",
            "interestExpense": "85000000",
            "nonInterestIncome": "9382000000",
            "otherNonOperatingIncome": "305000000",
            "depreciation": "172000000",
            "depreciationAndAmortization": "295000000",
            "incomeBeforeTax": "1967000000",
            "incomeTaxExpense": "426000000",
            "interestAndDebtExpense": "85000000",
            "netIncomeFromContinuingOperations": "1556000000",
            "comprehensiveIncomeNetOfTax": "1335000000",
            "ebit": "436000000",
            "ebitda": "2347000000",
            "netIncome": "1541000000"
        },
        {
            "fiscalDateEnding": "2019-03-31",
            "reportedCurrency": "USD",
            "grossProfit": "3005000000",
            "totalRevenue": "8848000000",
            "costOfRevenue": "7316000000",
            "costofGoodsAndServicesSold": "5879000000",
            "operatingIncome": "95000000",
            "sellingGeneralAndAdministrative": "1363000000",
            "researchAndDevelopment": "None",
            "operatingExpenses": "1437000000",
            "investmentIncomeNet": "67000000",
            "netInterestIncome": "-18000000",
            "interestIncome": "67000000",
            "interestExpense": "85000000",
            "nonInterestIncome": "8848000000",
            "otherNonOperatingIncome": "285000000",
            "depreciation": "163000000",
            "depreciationAndAmortization": "261000000",
            "incomeBeforeTax": "1822000000",
            "incomeTaxExpense": "406000000",
            "interestAndDebtExpense": "85000000",
            "netIncomeFromContinuingOperations": "1436000000",
            "comprehensiveIncomeNetOfTax": "1604000000",
            "ebit": "95000000",
            "ebitda": "2168000000",
            "netIncome": "1416000000"
        },
        {
            "fiscalDateEnding": "2018-12-31",
            "reportedCurrency": "USD",
            "grossProfit": "3044000000",
            "totalRevenue": "9729000000",
            "costOfRevenue": "8923000000",
            "costofGoodsAndServicesSold": "6685000000",
            "operatingIncome": "3044000000",
            "sellingGeneralAndAdministrative": "1524000000",
            "researchAndDevelopment": "None",
            "operatingExpenses": "4047000000",
            "investmentIncomeNet": "63000000",
            "netInterestIncome": "None",
            "interestIncome": "None",
            "interestExpense": "90000000",
            "nonInterestIncome": "9729000000",
            "otherNonOperatingIncome": "290000000",
            "depreciation": "163000000",
            "depreciationAndAmortization": "254000000",
            "incomeBeforeTax": "1701000000",
            "incomeTaxExpense": "-20000000",
            "interestAndDebtExpense": "90000000",
            "netIncomeFromContinuingOperations": "3044000000",
            "comprehensiveIncomeNetOfTax": "402000000",
            "ebit": "3044000000",
            "ebitda": "2045000000",
            "netIncome": "1721000000"
        },
        {
            "fiscalDateEnding": "2018-09-30",
            "reportedCurrency": "USD",
            "grossProfit": "3206000000",
            "totalRevenue": "10807000000",
            "costOfRevenue": "9230000000",
            "costofGoodsAndServicesSold": "7556000000",
            "operatingIncome": "-97000000",
            "sellingGeneralAndAdministrative": "1524000000",
            "researchAndDevelopment": "None",
            "operatingExpenses": "1674000000",
            "investmentIncomeNet": "55000000",
            "netInterestIncome": "None",
            "interestIncome": "None",
            "interestExpense": "99000000",
            "nonInterestIncome": "10807000000",
            "otherNonOperatingIncome": "275000000",
            "depreciation": "186000000",
            "depreciationAndAmortization": "286000000",
            "incomeBeforeTax": "1840000000",
            "incomeTaxExpense": "-498000000",
            "interestAndDebtExpense": "99000000",
            "netIncomeFromContinuingOperations": "2356000000",
            "comprehensiveIncomeNetOfTax": "2444000000",
            "ebit": "-97000000",
            "ebitda": "2225000000",
            "netIncome": "2338000000"
        },
        {
            "fiscalDateEnding": "2018-06-30",
            "reportedCurrency": "USD",
            "grossProfit": "3305000000",
            "totalRevenue": "22193000000",
            "costOfRevenue": "9268000000",
            "costofGoodsAndServicesSold": "7614000000",
            "operatingIncome": "11270000000",
            "sellingGeneralAndAdministrative": "1528000000",
            "researchAndDevelopment": "None",
            "operatingExpenses": "1655000000",
            "investmentIncomeNet": "49000000",
            "netInterestIncome": "None",
            "interestIncome": "None",
            "interestExpense": "95000000",
            "nonInterestIncome": "11274000000",
            "otherNonOperatingIncome": "316000000",
            "depreciation": "193000000",
            "depreciationAndAmortization": "288000000",
            "incomeBeforeTax": "1985000000",
            "incomeTaxExpense": "718000000",
            "interestAndDebtExpense": "95000000",
            "netIncomeFromContinuingOperations": "1280000000",
            "comprehensiveIncomeNetOfTax": "1227000000",
            "ebit": "11270000000",
            "ebitda": "2369000000",
            "netIncome": "1267000000"
        },
        {
            "fiscalDateEnding": "2018-03-31",
            "reportedCurrency": "USD",
            "grossProfit": "3201000000",
            "totalRevenue": "20656000000",
            "costOfRevenue": "8811000000",
            "costofGoodsAndServicesSold": "7191000000",
            "operatingIncome": "10227000000",
            "sellingGeneralAndAdministrative": "1475000000",
            "researchAndDevelopment": "None",
            "operatingExpenses": "1618000000",
            "investmentIncomeNet": "50000000",
            "netInterestIncome": "None",
            "interestIncome": "None",
            "interestExpense": "83000000",
            "nonInterestIncome": "10264000000",
            "otherNonOperatingIncome": "268000000",
            "depreciation": "179000000",
            "depreciationAndAmortization": "288000000",
            "incomeBeforeTax": "1898000000",
            "incomeTaxExpense": "459000000",
            "interestAndDebtExpense": "83000000",
            "netIncomeFromContinuingOperations": "1451000000",
            "comprehensiveIncomeNetOfTax": "1495000000",
            "ebit": "10227000000",
            "ebitda": "2267000000",
            "netIncome": "1439000000"
        }
    ]
}