{
    "symbol": "IRM",
    "annualReports": [
        {
            "fiscalDateEnding": "2022-12-31",
            "reportedCurrency": "USD",
            "grossProfit": "1091378000",
            "totalRevenue": "4712394000",
            "costOfRevenue": "3621016000",
            "costofGoodsAndServicesSold": "2189120000",
            "operatingIncome": "1049871000",
            "sellingGeneralAndAdministrative": "1140577000",
            "researchAndDevelopment": "None",
            "operatingExpenses": "1337396000",
            "investmentIncomeNet": "8276000",
            "netInterestIncome": "-488014000",
            "interestIncome": "-456607000",
            "interestExpense": "31407000",
            "nonInterestIncome": "5200408000",
            "otherNonOperatingIncome": "69781000",
            "depreciation": "478984000",
            "depreciationAndAmortization": "291319000",
            "incomeBeforeTax": "626470000",
            "incomeTaxExpense": "69489000",
            "interestAndDebtExpense": "32078000",
            "netIncomeFromContinuingOperations": "562149000",
            "comprehensiveIncomeNetOfTax": "453325000",
            "ebit": "1049871000",
            "ebitda": "949196000",
            "netIncome": "556981000"
        },
        {
            "fiscalDateEnding": "2021-12-31",
            "reportedCurrency": "USD",
            "grossProfit": "1108997000",
            "totalRevenue": "4491531000",
            "costOfRevenue": "3382534000",
            "costofGoodsAndServicesSold": "1887229000",
            "operatingIncome": "854172000",
            "sellingGeneralAndAdministrative": "1022559000",
            "researchAndDevelopment": "None",
            "operatingExpenses": "1159264000",
            "investmentIncomeNet": "7341000",
            "netInterestIncome": "-417961000",
            "interestIncome": "-385480000",
            "interestExpense": "32481000",
            "nonInterestIncome": "1809206000",
            "otherNonOperatingIncome": "192804000",
            "depreciation": "465072000",
            "depreciationAndAmortization": "266320000",
            "incomeBeforeTax": "626509000",
            "incomeTaxExpense": "176290000",
            "interestAndDebtExpense": "32481000",
            "netIncomeFromContinuingOperations": "452725000",
            "comprehensiveIncomeNetOfTax": "367765000",
            "ebit": "854172000",
            "ebitda": "925310000",
            "netIncome": "450219000"
        },
        {
            "fiscalDateEnding": "2020-12-31",
            "reportedCurrency": "USD",
            "grossProfit": "967181000",
            "totalRevenue": "4147270000",
            "costOfRevenue": "3180089000",
            "costofGoodsAndServicesSold": "1757342000",
            "operatingIncome": "934785000",
            "sellingGeneralAndAdministrative": "949215000",
            "researchAndDevelopment": "None",
            "operatingExpenses": "1059210000",
            "investmentIncomeNet": "8312000",
            "netInterestIncome": "-418535000",
            "interestIncome": "-384272000",
            "interestExpense": "34263000",
            "nonInterestIncome": "1658586000",
            "otherNonOperatingIncome": "-143545000",
            "depreciation": "447562000",
            "depreciationAndAmortization": "256136000",
            "incomeBeforeTax": "372302000",
            "incomeTaxExpense": "29609000",
            "interestAndDebtExpense": "102563000",
            "netIncomeFromContinuingOperations": "343096000",
            "comprehensiveIncomeNetOfTax": "349381000",
            "ebit": "934785000",
            "ebitda": "662701000",
            "netIncome": "342693000"
        },
        {
            "fiscalDateEnding": "2019-12-31",
            "reportedCurrency": "USD",
            "grossProfit": "1127872000",
            "totalRevenue": "4262584000",
            "costOfRevenue": "3134712000",
            "costofGoodsAndServicesSold": "1833315000",
            "operatingIncome": "781338000",
            "sellingGeneralAndAdministrative": "991664000",
            "researchAndDevelopment": "None",
            "operatingExpenses": "1233597000",
            "investmentIncomeNet": "6559000",
            "netInterestIncome": "-419298000",
            "interestIncome": "-382287000",
            "interestExpense": "37011000",
            "nonInterestIncome": "-24852000",
            "otherNonOperatingIncome": "-33898000",
            "depreciation": "456323000",
            "depreciationAndAmortization": "261136000",
            "incomeBeforeTax": "327308000",
            "incomeTaxExpense": "59931000",
            "interestAndDebtExpense": "37011000",
            "netIncomeFromContinuingOperations": "268211000",
            "comprehensiveIncomeNetOfTax": "270460000",
            "ebit": "781338000",
            "ebitda": "625455000",
            "netIncome": "267377000"
        },
        {
            "fiscalDateEnding": "2018-12-31",
            "reportedCurrency": "USD",
            "grossProfit": "2606290000",
            "totalRevenue": "4225761000",
            "costOfRevenue": "1225749000",
            "costofGoodsAndServicesSold": "0",
            "operatingIncome": "808267000",
            "sellingGeneralAndAdministrative": "1006983000",
            "researchAndDevelopment": "None",
            "operatingExpenses": "1225749000",
            "investmentIncomeNet": "6553000",
            "netInterestIncome": "-409648000",
            "interestIncome": "-405916000",
            "interestExpense": "3732000",
            "nonInterestIncome": "4241328000",
            "otherNonOperatingIncome": "11692000",
            "depreciation": "452740000",
            "depreciationAndAmortization": "186774000",
            "incomeBeforeTax": "406104000",
            "incomeTaxExpense": "42753000",
            "interestAndDebtExpense": "3732000",
            "netIncomeFromContinuingOperations": "376976000",
            "comprehensiveIncomeNetOfTax": "192258000",
            "ebit": "808267000",
            "ebitda": "596610000",
            "netIncome": "363351000"
        }
    ],
    "quarterlyReports": [
        {
            "fiscalDateEnding": "2022-12-31",
            "reportedCurrency": "USD",
            "grossProfit": "-186992000",
            "totalRevenue": "887869000",
            "costOfRevenue": "1074861000",
            "costofGoodsAndServicesSold": "539981000",
            "operatingIncome": "248198000",
            "sellingGeneralAndAdministrative": "279161000",
            "researchAndDevelopment": "None",
            "operatingExpenses": "440380000",
            "investmentIncomeNet": "2281000",
            "netInterestIncome": "-136748000",
            "interestIncome": "-118504000",
            "interestExpense": "18244000",
            "nonInterestIncome": "3620186000",
            "otherNonOperatingIncome": "31595000",
            "depreciation": "128358000",
            "depreciationAndAmortization": "259101000",
            "incomeBeforeTax": "139829000",
            "incomeTaxExpense": "17392000",
            "interestAndDebtExpense": "31407000",
            "netIncomeFromContinuingOperations": "125653000",
            "comprehensiveIncomeNetOfTax": "269915000",
            "ebit": "248198000",
            "ebitda": "417174000",
            "netIncome": "122437000"
        },
        {
            "fiscalDateEnding": "2022-09-30",
            "reportedCurrency": "USD",
            "grossProfit": "442037000",
            "totalRevenue": "1286945000",
            "costOfRevenue": "844908000",
            "costofGoodsAndServicesSold": "546041000",
            "operatingIncome": "285762000",
            "sellingGeneralAndAdministrative": "285299000",
            "researchAndDevelopment": "None",
            "operatingExpenses": "298867000",
            "investmentIncomeNet": "2176000",
            "netInterestIncome": "-121767000",
            "interestIncome": "-117641000",
            "interestExpense": "4126000",
            "nonInterestIncome": "585094000",
            "otherNonOperatingIncome": "52870000",
            "depreciation": "114130000",
            "depreciationAndAmortization": "10186000",
            "incomeBeforeTax": "216098000",
            "incomeTaxExpense": "23934000",
            "interestAndDebtExpense": "4126000",
            "netIncomeFromContinuingOperations": "192931000",
            "comprehensiveIncomeNetOfTax": "49658000",
            "ebit": "285762000",
            "ebitda": "230410000",
            "netIncome": "192164000"
        },
        {
            "fiscalDateEnding": "2022-06-30",
            "reportedCurrency": "USD",
            "grossProfit": "427086000",
            "totalRevenue": "1289534000",
            "costOfRevenue": "862448000",
            "costofGoodsAndServicesSold": "556476000",
            "operatingIncome": "293781000",
            "sellingGeneralAndAdministrative": "295394000",
            "researchAndDevelopment": "None",
            "operatingExpenses": "305972000",
            "investmentIncomeNet": "2171000",
            "netInterestIncome": "-115057000",
            "interestIncome": "-110698000",
            "interestExpense": "4359000",
            "nonInterestIncome": "591447000",
            "otherNonOperatingIncome": "41217000",
            "depreciation": "116103000",
            "depreciationAndAmortization": "10578000",
            "incomeBeforeTax": "218164000",
            "incomeTaxExpense": "18083000",
            "interestAndDebtExpense": "4359000",
            "netIncomeFromContinuingOperations": "201858000",
            "comprehensiveIncomeNetOfTax": "47464000",
            "ebit": "293781000",
            "ebitda": "233101000",
            "netIncome": "200081000"
        },
        {
            "fiscalDateEnding": "2022-03-31",
            "reportedCurrency": "USD",
            "grossProfit": "409247000",
            "totalRevenue": "1248046000",
            "costOfRevenue": "838799000",
            "costofGoodsAndServicesSold": "546622000",
            "operatingIncome": "222130000",
            "sellingGeneralAndAdministrative": "280723000",
            "researchAndDevelopment": "None",
            "operatingExpenses": "292177000",
            "investmentIncomeNet": "1648000",
            "netInterestIncome": "-114442000",
            "interestIncome": "-109764000",
            "interestExpense": "4678000",
            "nonInterestIncome": "403681000",
            "otherNonOperatingIncome": "-55901000",
            "depreciation": "120393000",
            "depreciationAndAmortization": "11454000",
            "incomeBeforeTax": "52379000",
            "incomeTaxExpense": "10080000",
            "interestAndDebtExpense": "5349000",
            "netIncomeFromContinuingOperations": "41707000",
            "comprehensiveIncomeNetOfTax": "86288000",
            "ebit": "222130000",
            "ebitda": "68511000",
            "netIncome": "42299000"
        },
        {
            "fiscalDateEnding": "2021-12-31",
            "reportedCurrency": "USD",
            "grossProfit": "114050000",
            "totalRevenue": "1159587000",
            "costOfRevenue": "1045537000",
            "costofGoodsAndServicesSold": "479078000",
            "operatingIncome": "196402000",
            "sellingGeneralAndAdministrative": "262461000",
            "researchAndDevelopment": "None",
            "operatingExpenses": "214047000",
            "investmentIncomeNet": "1483000",
            "netInterestIncome": "-104510000",
            "interestIncome": "-86969000",
            "interestExpense": "17541000",
            "nonInterestIncome": "606047000",
            "otherNonOperatingIncome": "-7214000",
            "depreciation": "117803000",
            "depreciationAndAmortization": "227258000",
            "incomeBeforeTax": "84865000",
            "incomeTaxExpense": "23217000",
            "interestAndDebtExpense": "17541000",
            "netIncomeFromContinuingOperations": "61461000",
            "comprehensiveIncomeNetOfTax": "57754000",
            "ebit": "196402000",
            "ebitda": "329664000",
            "netIncome": "61648000"
        },
        {
            "fiscalDateEnding": "2021-09-30",
            "reportedCurrency": "USD",
            "grossProfit": "342451000",
            "totalRevenue": "1130148000",
            "costOfRevenue": "787697000",
            "costofGoodsAndServicesSold": "481663000",
            "operatingIncome": "181436000",
            "sellingGeneralAndAdministrative": "241596000",
            "researchAndDevelopment": "None",
            "operatingExpenses": "306034000",
            "investmentIncomeNet": "2160000",
            "netInterestIncome": "-103809000",
            "interestIncome": "-98754000",
            "interestExpense": "5055000",
            "nonInterestIncome": "434734000",
            "otherNonOperatingIncome": "18501000",
            "depreciation": "120330000",
            "depreciationAndAmortization": "14006000",
            "incomeBeforeTax": "95700000",
            "incomeTaxExpense": "28017000",
            "interestAndDebtExpense": "5055000",
            "netIncomeFromContinuingOperations": "68111000",
            "comprehensiveIncomeNetOfTax": "-8117000",
            "ebit": "181436000",
            "ebitda": "114761000",
            "netIncome": "67683000"
        },
        {
            "fiscalDateEnding": "2021-06-30",
            "reportedCurrency": "USD",
            "grossProfit": "333547000",
            "totalRevenue": "1119756000",
            "costOfRevenue": "786209000",
            "costofGoodsAndServicesSold": "474579000",
            "operatingIncome": "305928000",
            "sellingGeneralAndAdministrative": "259779000",
            "researchAndDevelopment": "None",
            "operatingExpenses": "311630000",
            "investmentIncomeNet": "1127000",
            "netInterestIncome": "-105220000",
            "interestIncome": "-100310000",
            "interestExpense": "4910000",
            "nonInterestIncome": "396755000",
            "otherNonOperatingIncome": "186230000",
            "depreciation": "112490000",
            "depreciationAndAmortization": "12408000",
            "incomeBeforeTax": "385701000",
            "incomeTaxExpense": "110416000",
            "interestAndDebtExpense": "4910000",
            "netIncomeFromContinuingOperations": "276522000",
            "comprehensiveIncomeNetOfTax": "323543000",
            "ebit": "305928000",
            "ebitda": "403019000",
            "netIncome": "275285000"
        },
        {
            "fiscalDateEnding": "2021-03-31",
            "reportedCurrency": "USD",
            "grossProfit": "318949000",
            "totalRevenue": "1082040000",
            "costOfRevenue": "763091000",
            "costofGoodsAndServicesSold": "451909000",
            "operatingIncome": "170406000",
            "sellingGeneralAndAdministrative": "258723000",
            "researchAndDevelopment": "None",
            "operatingExpenses": "321032000",
            "investmentIncomeNet": "2571000",
            "netInterestIncome": "-104422000",
            "interestIncome": "-99447000",
            "interestExpense": "4975000",
            "nonInterestIncome": "371670000",
            "otherNonOperatingIncome": "-4713000",
            "depreciation": "114449000",
            "depreciationAndAmortization": "12648000",
            "incomeBeforeTax": "60243000",
            "incomeTaxExpense": "14640000",
            "interestAndDebtExpense": "4975000",
            "netIncomeFromContinuingOperations": "46631000",
            "comprehensiveIncomeNetOfTax": "-5415000",
            "ebit": "170406000",
            "ebitda": "77866000",
            "netIncome": "45603000"
        },
        {
            "fiscalDateEnding": "2020-12-31",
            "reportedCurrency": "USD",
            "grossProfit": "90668000",
            "totalRevenue": "1059653000",
            "costOfRevenue": "968985000",
            "costofGoodsAndServicesSold": "449223000",
            "operatingIncome": "425293000",
            "sellingGeneralAndAdministrative": "236440000",
            "researchAndDevelopment": "None",
            "operatingExpenses": "-342100000",
            "investmentIncomeNet": "1821000",
            "netInterestIncome": "-105127000",
            "interestIncome": "-85528000",
            "interestExpense": "19599000",
            "nonInterestIncome": "611573000",
            "otherNonOperatingIncome": "-77106000",
            "depreciation": "112782000",
            "depreciationAndAmortization": "217641000",
            "incomeBeforeTax": "338405000",
            "incomeTaxExpense": "-3695000",
            "interestAndDebtExpense": "19599000",
            "netIncomeFromContinuingOperations": "342100000",
            "comprehensiveIncomeNetOfTax": "374695000",
            "ebit": "425293000",
            "ebitda": "575645000",
            "netIncome": "342100000"
        },
        {
            "fiscalDateEnding": "2020-09-30",
            "reportedCurrency": "USD",
            "grossProfit": "308703000",
            "totalRevenue": "1036647000",
            "costOfRevenue": "727944000",
            "costofGoodsAndServicesSold": "434505000",
            "operatingIncome": "240264000",
            "sellingGeneralAndAdministrative": "232095000",
            "researchAndDevelopment": "None",
            "operatingExpenses": "217639000",
            "investmentIncomeNet": "2476000",
            "netInterestIncome": "-104303000",
            "interestIncome": "-99412000",
            "interestExpense": "4891000",
            "nonInterestIncome": "335258000",
            "otherNonOperatingIncome": "-83465000",
            "depreciation": "108152000",
            "depreciationAndAmortization": "12973000",
            "incomeBeforeTax": "52328000",
            "incomeTaxExpense": "13934000",
            "interestAndDebtExpense": "56151000",
            "netIncomeFromContinuingOperations": "38562000",
            "comprehensiveIncomeNetOfTax": "82739000",
            "ebit": "240264000",
            "ebitda": "70192000",
            "netIncome": "38394000"
        },
        {
            "fiscalDateEnding": "2020-06-30",
            "reportedCurrency": "USD",
            "grossProfit": "230812000",
            "totalRevenue": "982239000",
            "costOfRevenue": "751427000",
            "costofGoodsAndServicesSold": "406693000",
            "operatingIncome": "131726000",
            "sellingGeneralAndAdministrative": "241947000",
            "researchAndDevelopment": "None",
            "operatingExpenses": "344734000",
            "investmentIncomeNet": "2567000",
            "netInterestIncome": "-103456000",
            "interestIncome": "-98527000",
            "interestExpense": "4929000",
            "nonInterestIncome": "286772000",
            "otherNonOperatingIncome": "-25700000",
            "depreciation": "112928000",
            "depreciationAndAmortization": "63489000",
            "incomeBeforeTax": "2597000",
            "incomeTaxExpense": "9683000",
            "interestAndDebtExpense": "21969000",
            "netIncomeFromContinuingOperations": "-7113000",
            "comprehensiveIncomeNetOfTax": "58639000",
            "ebit": "131726000",
            "ebitda": "71015000",
            "netIncome": "-7086000"
        },
        {
            "fiscalDateEnding": "2020-03-31",
            "reportedCurrency": "USD",
            "grossProfit": "237192000",
            "totalRevenue": "1068731000",
            "costOfRevenue": "831539000",
            "costofGoodsAndServicesSold": "466921000",
            "operatingIncome": "137502000",
            "sellingGeneralAndAdministrative": "238733000",
            "researchAndDevelopment": "None",
            "operatingExpenses": "370815000",
            "investmentIncomeNet": "1448000",
            "netInterestIncome": "-105649000",
            "interestIncome": "-100805000",
            "interestExpense": "4844000",
            "nonInterestIncome": "37399000",
            "otherNonOperatingIncome": "42726000",
            "depreciation": "113700000",
            "depreciationAndAmortization": "61839000",
            "incomeBeforeTax": "73662000",
            "incomeTaxExpense": "9687000",
            "interestAndDebtExpense": "4844000",
            "netIncomeFromContinuingOperations": "64892000",
            "comprehensiveIncomeNetOfTax": "-166692000",
            "ebit": "137502000",
            "ebitda": "140345000",
            "netIncome": "63975000"
        },
        {
            "fiscalDateEnding": "2019-12-31",
            "reportedCurrency": "USD",
            "grossProfit": "1030990000",
            "totalRevenue": "1079590000",
            "costOfRevenue": "48600000",
            "costofGoodsAndServicesSold": "455352000",
            "operatingIncome": "206074000",
            "sellingGeneralAndAdministrative": "233646000",
            "researchAndDevelopment": "None",
            "operatingExpenses": "11100000",
            "investmentIncomeNet": "1755000",
            "netInterestIncome": "-104871000",
            "interestIncome": "-83832000",
            "interestExpense": "21039000",
            "nonInterestIncome": "37500000",
            "otherNonOperatingIncome": "-47295000",
            "depreciation": "119838000",
            "depreciationAndAmortization": "67296000",
            "incomeBeforeTax": "53908000",
            "incomeTaxExpense": "16804000",
            "interestAndDebtExpense": "21039000",
            "netIncomeFromContinuingOperations": "37104000",
            "comprehensiveIncomeNetOfTax": "121322000",
            "ebit": "206074000",
            "ebitda": "142243000",
            "netIncome": "37104000"
        },
        {
            "fiscalDateEnding": "2019-09-30",
            "reportedCurrency": "USD",
            "grossProfit": "220904000",
            "totalRevenue": "1062224000",
            "costOfRevenue": "754561000",
            "costofGoodsAndServicesSold": "451317000",
            "operatingIncome": "223474000",
            "sellingGeneralAndAdministrative": "237151000",
            "researchAndDevelopment": "None",
            "operatingExpenses": "293444000",
            "investmentIncomeNet": "1558000",
            "netInterestIncome": "-106677000",
            "interestIncome": "-101772000",
            "interestExpense": "4905000",
            "nonInterestIncome": "1080475000",
            "otherNonOperatingIncome": "13415000",
            "depreciation": "108152000",
            "depreciationAndAmortization": "64088000",
            "incomeBeforeTax": "129603000",
            "incomeTaxExpense": "21928000",
            "interestAndDebtExpense": "4905000",
            "netIncomeFromContinuingOperations": "108284000",
            "comprehensiveIncomeNetOfTax": "23293000",
            "ebit": "223474000",
            "ebitda": "198596000",
            "netIncome": "107675000"
        },
        {
            "fiscalDateEnding": "2019-06-30",
            "reportedCurrency": "USD",
            "grossProfit": "175178000",
            "totalRevenue": "1066907000",
            "costOfRevenue": "807417000",
            "costofGoodsAndServicesSold": "465102000",
            "operatingIncome": "193115000",
            "sellingGeneralAndAdministrative": "252156000",
            "researchAndDevelopment": "None",
            "operatingExpenses": "342315000",
            "investmentIncomeNet": "1461000",
            "netInterestIncome": "-105314000",
            "interestIncome": "-100389000",
            "interestExpense": "4925000",
            "nonInterestIncome": "1086238000",
            "otherNonOperatingIncome": "15192000",
            "depreciation": "113722000",
            "depreciationAndAmortization": "65551000",
            "incomeBeforeTax": "103087000",
            "incomeTaxExpense": "10646000",
            "interestAndDebtExpense": "4925000",
            "netIncomeFromContinuingOperations": "92347000",
            "comprehensiveIncomeNetOfTax": "81580000",
            "ebit": "193115000",
            "ebitda": "173563000",
            "netIncome": "92441000"
        },
        {
            "fiscalDateEnding": "2019-03-31",
            "reportedCurrency": "USD",
            "grossProfit": "615299000",
            "totalRevenue": "1053863000",
            "costOfRevenue": "318431000",
            "costofGoodsAndServicesSold": "460646000",
            "operatingIncome": "158675000",
            "sellingGeneralAndAdministrative": "268711000",
            "researchAndDevelopment": "None",
            "operatingExpenses": "318431000",
            "investmentIncomeNet": "1785000",
            "netInterestIncome": "-102436000",
            "interestIncome": "-96294000",
            "interestExpense": "6142000",
            "nonInterestIncome": "1036166000",
            "otherNonOperatingIncome": "-15210000",
            "depreciation": "114611000",
            "depreciationAndAmortization": "47872000",
            "incomeBeforeTax": "40114000",
            "incomeTaxExpense": "10553000",
            "interestAndDebtExpense": "6142000",
            "netIncomeFromContinuingOperations": "30476000",
            "comprehensiveIncomeNetOfTax": "44265000",
            "ebit": "158675000",
            "ebitda": "94128000",
            "netIncome": "29561000"
        },
        {
            "fiscalDateEnding": "2018-12-31",
            "reportedCurrency": "USD",
            "grossProfit": "1115989000",
            "totalRevenue": "1368888000",
            "costOfRevenue": "310551000",
            "costofGoodsAndServicesSold": "-1348203000",
            "operatingIncome": "254053000",
            "sellingGeneralAndAdministrative": "217659000",
            "researchAndDevelopment": "None",
            "operatingExpenses": "-54500000",
            "investmentIncomeNet": "1505000",
            "netInterestIncome": "-105812000",
            "interestIncome": "None",
            "interestExpense": "107220000",
            "nonInterestIncome": "1115989000",
            "otherNonOperatingIncome": "13112000",
            "depreciation": "114817000",
            "depreciationAndAmortization": "50102000",
            "incomeBeforeTax": "161627000",
            "incomeTaxExpense": "2796000",
            "interestAndDebtExpense": "3732000",
            "netIncomeFromContinuingOperations": "158831000",
            "comprehensiveIncomeNetOfTax": "120440000",
            "ebit": "254053000",
            "ebitda": "304155000",
            "netIncome": "158831000"
        },
        {
            "fiscalDateEnding": "2018-09-30",
            "reportedCurrency": "USD",
            "grossProfit": "653209000",
            "totalRevenue": "956486000",
            "costOfRevenue": "303277000",
            "costofGoodsAndServicesSold": "448018000",
            "operatingIncome": "195635000",
            "sellingGeneralAndAdministrative": "259929000",
            "researchAndDevelopment": "None",
            "operatingExpenses": "303277000",
            "investmentIncomeNet": "1382000",
            "netInterestIncome": "-103938000",
            "interestIncome": "None",
            "interestExpense": "105223000",
            "nonInterestIncome": "1060327000",
            "otherNonOperatingIncome": "-325000",
            "depreciation": "112990000",
            "depreciationAndAmortization": "44807000",
            "incomeBeforeTax": "81171000",
            "incomeTaxExpense": "14023000",
            "interestAndDebtExpense": "0",
            "netIncomeFromContinuingOperations": "78628000",
            "comprehensiveIncomeNetOfTax": "45059000",
            "ebit": "195635000",
            "ebitda": "240442000",
            "netIncome": "67148000"
        },
        {
            "fiscalDateEnding": "2018-06-30",
            "reportedCurrency": "USD",
            "grossProfit": "682295000",
            "totalRevenue": "977340000",
            "costOfRevenue": "295045000",
            "costofGoodsAndServicesSold": "451464000",
            "operatingIncome": "201460000",
            "sellingGeneralAndAdministrative": "252225000",
            "researchAndDevelopment": "None",
            "operatingExpenses": "295045000",
            "investmentIncomeNet": "2280000",
            "netInterestIncome": "-102196000",
            "interestIncome": "None",
            "interestExpense": "102107000",
            "nonInterestIncome": "1079447000",
            "otherNonOperatingIncome": "19056000",
            "depreciation": "111501000",
            "depreciationAndAmortization": "44719000",
            "incomeBeforeTax": "119458000",
            "incomeTaxExpense": "26057000",
            "interestAndDebtExpense": "None",
            "netIncomeFromContinuingOperations": "93903000",
            "comprehensiveIncomeNetOfTax": "-41607000",
            "ebit": "201460000",
            "ebitda": "246179000",
            "netIncome": "93401000"
        },
        {
            "fiscalDateEnding": "2018-03-31",
            "reportedCurrency": "USD",
            "grossProfit": "606171000",
            "totalRevenue": "923047000",
            "costOfRevenue": "316876000",
            "costofGoodsAndServicesSold": "0",
            "operatingIncome": "157119000",
            "sellingGeneralAndAdministrative": "269730000",
            "researchAndDevelopment": "None",
            "operatingExpenses": "316876000",
            "investmentIncomeNet": "1386000",
            "netInterestIncome": "-97626000",
            "interestIncome": "None",
            "interestExpense": "97626000",
            "nonInterestIncome": "-21785000",
            "otherNonOperatingIncome": "-20151000",
            "depreciation": "113432000",
            "depreciationAndAmortization": "47146000",
            "incomeBeforeTax": "45852000",
            "incomeTaxExpense": "1168000",
            "interestAndDebtExpense": "None",
            "netIncomeFromContinuingOperations": "45614000",
            "comprehensiveIncomeNetOfTax": "74591000",
            "ebit": "157119000",
            "ebitda": "204265000",
            "netIncome": "44684000"
        }
    ]
}