{
    "symbol": "JKHY",
    "annualReports": [
        {
            "fiscalDateEnding": "2022-06-30",
            "reportedCurrency": "USD",
            "grossProfit": "811918000",
            "totalRevenue": "1940532000",
            "costOfRevenue": "1128614000",
            "costofGoodsAndServicesSold": "1128614000",
            "operatingIncome": "474619000",
            "sellingGeneralAndAdministrative": "218296000",
            "researchAndDevelopment": "121355000",
            "operatingExpenses": "340051000",
            "investmentIncomeNet": "32000",
            "netInterestIncome": "-2352000",
            "interestIncome": "32000",
            "interestExpense": "2384000",
            "nonInterestIncome": "1942884000",
            "otherNonOperatingIncome": "None",
            "depreciation": "50789000",
            "depreciationAndAmortization": "177624000",
            "incomeBeforeTax": "472267000",
            "incomeTaxExpense": "109351000",
            "interestAndDebtExpense": "2384000",
            "netIncomeFromContinuingOperations": "362916000",
            "comprehensiveIncomeNetOfTax": "362916000",
            "ebit": "474651000",
            "ebitda": "652275000",
            "netIncome": "362916000"
        },
        {
            "fiscalDateEnding": "2021-06-30",
            "reportedCurrency": "USD",
            "grossProfit": "693832000",
            "totalRevenue": "1757231000",
            "costOfRevenue": "1063399000",
            "costofGoodsAndServicesSold": "1063399000",
            "operatingIncome": "398719000",
            "sellingGeneralAndAdministrative": "187060000",
            "researchAndDevelopment": "109047000",
            "operatingExpenses": "294122000",
            "investmentIncomeNet": "150000",
            "netInterestIncome": "-994000",
            "interestIncome": "150000",
            "interestExpense": "1144000",
            "nonInterestIncome": "1758225000",
            "otherNonOperatingIncome": "None",
            "depreciation": "52515000",
            "depreciationAndAmortization": "175748000",
            "incomeBeforeTax": "397725000",
            "incomeTaxExpense": "86256000",
            "interestAndDebtExpense": "1144000",
            "netIncomeFromContinuingOperations": "311469000",
            "comprehensiveIncomeNetOfTax": "311469000",
            "ebit": "398869000",
            "ebitda": "574617000",
            "netIncome": "311469000"
        },
        {
            "fiscalDateEnding": "2020-06-30",
            "reportedCurrency": "USD",
            "grossProfit": "689052000",
            "totalRevenue": "1697516000",
            "costOfRevenue": "1008464000",
            "costofGoodsAndServicesSold": "1008464000",
            "operatingIncome": "380627000",
            "sellingGeneralAndAdministrative": "197988000",
            "researchAndDevelopment": "109988000",
            "operatingExpenses": "312711000",
            "investmentIncomeNet": "1137000",
            "netInterestIncome": "449000",
            "interestIncome": "1137000",
            "interestExpense": "688000",
            "nonInterestIncome": "1697067000",
            "otherNonOperatingIncome": "1137000",
            "depreciation": "52206000",
            "depreciationAndAmortization": "171805000",
            "incomeBeforeTax": "381076000",
            "incomeTaxExpense": "84408000",
            "interestAndDebtExpense": "688000",
            "netIncomeFromContinuingOperations": "296668000",
            "comprehensiveIncomeNetOfTax": "296668000",
            "ebit": "381764000",
            "ebitda": "553569000",
            "netIncome": "296668000"
        },
        {
            "fiscalDateEnding": "2019-06-30",
            "reportedCurrency": "USD",
            "grossProfit": "629611000",
            "totalRevenue": "1552641000",
            "costOfRevenue": "923030000",
            "costofGoodsAndServicesSold": "923030000",
            "operatingIncome": "347285000",
            "sellingGeneralAndAdministrative": "185998000",
            "researchAndDevelopment": "96378000",
            "operatingExpenses": "282537000",
            "investmentIncomeNet": "876000",
            "netInterestIncome": "-50000",
            "interestIncome": "876000",
            "interestExpense": "926000",
            "nonInterestIncome": "1552691000",
            "otherNonOperatingIncome": "876000",
            "depreciation": "47378000",
            "depreciationAndAmortization": "160633000",
            "incomeBeforeTax": "347235000",
            "incomeTaxExpense": "75350000",
            "interestAndDebtExpense": "926000",
            "netIncomeFromContinuingOperations": "271885000",
            "comprehensiveIncomeNetOfTax": "271885000",
            "ebit": "348161000",
            "ebitda": "508794000",
            "netIncome": "271885000"
        },
        {
            "fiscalDateEnding": "2018-06-30",
            "reportedCurrency": "USD",
            "grossProfit": "683465000",
            "totalRevenue": "1536603000",
            "costOfRevenue": "853138000",
            "costofGoodsAndServicesSold": "873642000",
            "operatingIncome": "357503000",
            "sellingGeneralAndAdministrative": "171710000",
            "researchAndDevelopment": "90340000",
            "operatingExpenses": "271532000",
            "investmentIncomeNet": "575000",
            "netInterestIncome": "-1345000",
            "interestIncome": "575000",
            "interestExpense": "1920000",
            "nonInterestIncome": "1894000",
            "otherNonOperatingIncome": "1894000",
            "depreciation": "47975000",
            "depreciationAndAmortization": "151986000",
            "incomeBeforeTax": "356158000",
            "incomeTaxExpense": "-8876000",
            "interestAndDebtExpense": "1920000",
            "netIncomeFromContinuingOperations": "376660000",
            "comprehensiveIncomeNetOfTax": "376660000",
            "ebit": "358078000",
            "ebitda": "544930000",
            "netIncome": "365034000"
        }
    ],
    "quarterlyReports": [
        {
            "fiscalDateEnding": "2022-12-31",
            "reportedCurrency": "USD",
            "grossProfit": "198559000",
            "totalRevenue": "503148000",
            "costOfRevenue": "304589000",
            "costofGoodsAndServicesSold": "304589000",
            "operatingIncome": "107376000",
            "sellingGeneralAndAdministrative": "56788000",
            "researchAndDevelopment": "36561000",
            "operatingExpenses": "93349000",
            "investmentIncomeNet": "1240000",
            "netInterestIncome": "-2166000",
            "interestIncome": "1240000",
            "interestExpense": "3406000",
            "nonInterestIncome": "505314000",
            "otherNonOperatingIncome": "None",
            "depreciation": "12350000",
            "depreciationAndAmortization": "-20844000",
            "incomeBeforeTax": "105210000",
            "incomeTaxExpense": "24435000",
            "interestAndDebtExpense": "3406000",
            "netIncomeFromContinuingOperations": "80775000",
            "comprehensiveIncomeNetOfTax": "80775000",
            "ebit": "108616000",
            "ebitda": "87772000",
            "netIncome": "80775000"
        },
        {
            "fiscalDateEnding": "2022-09-30",
            "reportedCurrency": "USD",
            "grossProfit": "229517000",
            "totalRevenue": "527778000",
            "costOfRevenue": "298261000",
            "costofGoodsAndServicesSold": "298261000",
            "operatingIncome": "140723000",
            "sellingGeneralAndAdministrative": "57225000",
            "researchAndDevelopment": "32993000",
            "operatingExpenses": "84094000",
            "investmentIncomeNet": "152000",
            "netInterestIncome": "-1424000",
            "interestIncome": "152000",
            "interestExpense": "1576000",
            "nonInterestIncome": "529202000",
            "otherNonOperatingIncome": "None",
            "depreciation": "12416000",
            "depreciationAndAmortization": "45610000",
            "incomeBeforeTax": "139299000",
            "incomeTaxExpense": "32750000",
            "interestAndDebtExpense": "1576000",
            "netIncomeFromContinuingOperations": "106549000",
            "comprehensiveIncomeNetOfTax": "106549000",
            "ebit": "140875000",
            "ebitda": "186485000",
            "netIncome": "106549000"
        },
        {
            "fiscalDateEnding": "2022-06-30",
            "reportedCurrency": "USD",
            "grossProfit": "194876000",
            "totalRevenue": "481691000",
            "costOfRevenue": "286815000",
            "costofGoodsAndServicesSold": "286815000",
            "operatingIncome": "103772000",
            "sellingGeneralAndAdministrative": "58124000",
            "researchAndDevelopment": "33961000",
            "operatingExpenses": "92184000",
            "investmentIncomeNet": "16000",
            "netInterestIncome": "-981000",
            "interestIncome": "16000",
            "interestExpense": "997000",
            "nonInterestIncome": "482672000",
            "otherNonOperatingIncome": "None",
            "depreciation": "12450000",
            "depreciationAndAmortization": "44722000",
            "incomeBeforeTax": "102791000",
            "incomeTaxExpense": "22365000",
            "interestAndDebtExpense": "997000",
            "netIncomeFromContinuingOperations": "80426000",
            "comprehensiveIncomeNetOfTax": "80426000",
            "ebit": "103788000",
            "ebitda": "148510000",
            "netIncome": "80426000"
        },
        {
            "fiscalDateEnding": "2022-03-31",
            "reportedCurrency": "USD",
            "grossProfit": "195233000",
            "totalRevenue": "477572000",
            "costOfRevenue": "282339000",
            "costofGoodsAndServicesSold": "282339000",
            "operatingIncome": "111589000",
            "sellingGeneralAndAdministrative": "53607000",
            "researchAndDevelopment": "30725000",
            "operatingExpenses": "84332000",
            "investmentIncomeNet": "3000",
            "netInterestIncome": "-688000",
            "interestIncome": "3000",
            "interestExpense": "691000",
            "nonInterestIncome": "478260000",
            "otherNonOperatingIncome": "None",
            "depreciation": "12496000",
            "depreciationAndAmortization": "44449000",
            "incomeBeforeTax": "110901000",
            "incomeTaxExpense": "26194000",
            "interestAndDebtExpense": "691000",
            "netIncomeFromContinuingOperations": "84707000",
            "comprehensiveIncomeNetOfTax": "84707000",
            "ebit": "111592000",
            "ebitda": "156041000",
            "netIncome": "84707000"
        },
        {
            "fiscalDateEnding": "2021-12-31",
            "reportedCurrency": "USD",
            "grossProfit": "210630000",
            "totalRevenue": "493455000",
            "costOfRevenue": "282825000",
            "costofGoodsAndServicesSold": "282825000",
            "operatingIncome": "125662000",
            "sellingGeneralAndAdministrative": "55493000",
            "researchAndDevelopment": "29916000",
            "operatingExpenses": "85409000",
            "investmentIncomeNet": "6000",
            "netInterestIncome": "-441000",
            "interestIncome": "6000",
            "interestExpense": "447000",
            "nonInterestIncome": "493896000",
            "otherNonOperatingIncome": "None",
            "depreciation": "12686000",
            "depreciationAndAmortization": "44280000",
            "incomeBeforeTax": "125221000",
            "incomeTaxExpense": "29551000",
            "interestAndDebtExpense": "447000",
            "netIncomeFromContinuingOperations": "95670000",
            "comprehensiveIncomeNetOfTax": "95670000",
            "ebit": "125668000",
            "ebitda": "169948000",
            "netIncome": "95670000"
        },
        {
            "fiscalDateEnding": "2021-09-30",
            "reportedCurrency": "USD",
            "grossProfit": "211179000",
            "totalRevenue": "487815000",
            "costOfRevenue": "276636000",
            "costofGoodsAndServicesSold": "276636000",
            "operatingIncome": "133595000",
            "sellingGeneralAndAdministrative": "51071000",
            "researchAndDevelopment": "26754000",
            "operatingExpenses": "77991000",
            "investmentIncomeNet": "7000",
            "netInterestIncome": "-241000",
            "interestIncome": "7000",
            "interestExpense": "248000",
            "nonInterestIncome": "488056000",
            "otherNonOperatingIncome": "None",
            "depreciation": "13157000",
            "depreciationAndAmortization": "44173000",
            "incomeBeforeTax": "133354000",
            "incomeTaxExpense": "31240000",
            "interestAndDebtExpense": "248000",
            "netIncomeFromContinuingOperations": "102114000",
            "comprehensiveIncomeNetOfTax": "102114000",
            "ebit": "133602000",
            "ebitda": "177775000",
            "netIncome": "102114000"
        },
        {
            "fiscalDateEnding": "2021-06-30",
            "reportedCurrency": "USD",
            "grossProfit": "174756000",
            "totalRevenue": "449674000",
            "costOfRevenue": "274918000",
            "costofGoodsAndServicesSold": "274918000",
            "operatingIncome": "96296000",
            "sellingGeneralAndAdministrative": "50259000",
            "researchAndDevelopment": "28814000",
            "operatingExpenses": "79292000",
            "investmentIncomeNet": "6000",
            "netInterestIncome": "-613000",
            "interestIncome": "6000",
            "interestExpense": "619000",
            "nonInterestIncome": "450287000",
            "otherNonOperatingIncome": "None",
            "depreciation": "12699000",
            "depreciationAndAmortization": "43743000",
            "incomeBeforeTax": "95683000",
            "incomeTaxExpense": "18821000",
            "interestAndDebtExpense": "619000",
            "netIncomeFromContinuingOperations": "76862000",
            "comprehensiveIncomeNetOfTax": "76862000",
            "ebit": "96302000",
            "ebitda": "140045000",
            "netIncome": "76862000"
        },
        {
            "fiscalDateEnding": "2021-03-31",
            "reportedCurrency": "USD",
            "grossProfit": "165740000",
            "totalRevenue": "433510000",
            "costOfRevenue": "267770000",
            "costofGoodsAndServicesSold": "267770000",
            "operatingIncome": "91203000",
            "sellingGeneralAndAdministrative": "47408000",
            "researchAndDevelopment": "27395000",
            "operatingExpenses": "74803000",
            "investmentIncomeNet": "24000",
            "netInterestIncome": "-266000",
            "interestIncome": "24000",
            "interestExpense": "290000",
            "nonInterestIncome": "433776000",
            "otherNonOperatingIncome": "None",
            "depreciation": "13164000",
            "depreciationAndAmortization": "44189000",
            "incomeBeforeTax": "90937000",
            "incomeTaxExpense": "19528000",
            "interestAndDebtExpense": "290000",
            "netIncomeFromContinuingOperations": "71409000",
            "comprehensiveIncomeNetOfTax": "71409000",
            "ebit": "91227000",
            "ebitda": "135416000",
            "netIncome": "71409000"
        },
        {
            "fiscalDateEnding": "2020-12-31",
            "reportedCurrency": "USD",
            "grossProfit": "164514000",
            "totalRevenue": "422296000",
            "costOfRevenue": "257782000",
            "costofGoodsAndServicesSold": "257782000",
            "operatingIncome": "93632000",
            "sellingGeneralAndAdministrative": "44167000",
            "researchAndDevelopment": "26780000",
            "operatingExpenses": "70954000",
            "investmentIncomeNet": "52000",
            "netInterestIncome": "-65000",
            "interestIncome": "52000",
            "interestExpense": "117000",
            "nonInterestIncome": "422361000",
            "otherNonOperatingIncome": "None",
            "depreciation": "13261000",
            "depreciationAndAmortization": "44073000",
            "incomeBeforeTax": "93567000",
            "incomeTaxExpense": "21585000",
            "interestAndDebtExpense": "117000",
            "netIncomeFromContinuingOperations": "71982000",
            "comprehensiveIncomeNetOfTax": "71982000",
            "ebit": "93684000",
            "ebitda": "137757000",
            "netIncome": "71982000"
        },
        {
            "fiscalDateEnding": "2020-09-30",
            "reportedCurrency": "USD",
            "grossProfit": "188822000",
            "totalRevenue": "451751000",
            "costOfRevenue": "262929000",
            "costofGoodsAndServicesSold": "262929000",
            "operatingIncome": "117588000",
            "sellingGeneralAndAdministrative": "45226000",
            "researchAndDevelopment": "26057000",
            "operatingExpenses": "71129000",
            "investmentIncomeNet": "68000",
            "netInterestIncome": "-49000",
            "interestIncome": "68000",
            "interestExpense": "117000",
            "nonInterestIncome": "451800000",
            "otherNonOperatingIncome": "None",
            "depreciation": "13391000",
            "depreciationAndAmortization": "43743000",
            "incomeBeforeTax": "117539000",
            "incomeTaxExpense": "26323000",
            "interestAndDebtExpense": "117000",
            "netIncomeFromContinuingOperations": "91216000",
            "comprehensiveIncomeNetOfTax": "91216000",
            "ebit": "117656000",
            "ebitda": "161399000",
            "netIncome": "91216000"
        },
        {
            "fiscalDateEnding": "2020-06-30",
            "reportedCurrency": "USD",
            "grossProfit": "155577000",
            "totalRevenue": "410412000",
            "costOfRevenue": "254835000",
            "costofGoodsAndServicesSold": "254835000",
            "operatingIncome": "76798000",
            "sellingGeneralAndAdministrative": "49002000",
            "researchAndDevelopment": "29902000",
            "operatingExpenses": "78904000",
            "investmentIncomeNet": "86000",
            "netInterestIncome": "-125000",
            "interestIncome": "86000",
            "interestExpense": "211000",
            "nonInterestIncome": "410537000",
            "otherNonOperatingIncome": "1137000",
            "depreciation": "13394000",
            "depreciationAndAmortization": "43833000",
            "incomeBeforeTax": "76673000",
            "incomeTaxExpense": "15328000",
            "interestAndDebtExpense": "211000",
            "netIncomeFromContinuingOperations": "61345000",
            "comprehensiveIncomeNetOfTax": "61345000",
            "ebit": "76884000",
            "ebitda": "120717000",
            "netIncome": "61345000"
        },
        {
            "fiscalDateEnding": "2020-03-31",
            "reportedCurrency": "USD",
            "grossProfit": "170867000",
            "totalRevenue": "429438000",
            "costOfRevenue": "258571000",
            "costofGoodsAndServicesSold": "258571000",
            "operatingIncome": "91938000",
            "sellingGeneralAndAdministrative": "50589000",
            "researchAndDevelopment": "28308000",
            "operatingExpenses": "78897000",
            "investmentIncomeNet": "197000",
            "netInterestIncome": "32000",
            "interestIncome": "197000",
            "interestExpense": "165000",
            "nonInterestIncome": "429406000",
            "otherNonOperatingIncome": "None",
            "depreciation": "13448000",
            "depreciationAndAmortization": "43735000",
            "incomeBeforeTax": "91970000",
            "incomeTaxExpense": "18115000",
            "interestAndDebtExpense": "165000",
            "netIncomeFromContinuingOperations": "73855000",
            "comprehensiveIncomeNetOfTax": "73855000",
            "ebit": "92135000",
            "ebitda": "135870000",
            "netIncome": "73855000"
        },
        {
            "fiscalDateEnding": "2019-12-31",
            "reportedCurrency": "USD",
            "grossProfit": "170042000",
            "totalRevenue": "419309000",
            "costOfRevenue": "249267000",
            "costofGoodsAndServicesSold": "249267000",
            "operatingIncome": "93704000",
            "sellingGeneralAndAdministrative": "48961000",
            "researchAndDevelopment": "27187000",
            "operatingExpenses": "76148000",
            "investmentIncomeNet": "346000",
            "netInterestIncome": "190000",
            "interestIncome": "346000",
            "interestExpense": "156000",
            "nonInterestIncome": "419119000",
            "otherNonOperatingIncome": "None",
            "depreciation": "12656000",
            "depreciationAndAmortization": "42149000",
            "incomeBeforeTax": "93894000",
            "incomeTaxExpense": "21796000",
            "interestAndDebtExpense": "156000",
            "netIncomeFromContinuingOperations": "72098000",
            "comprehensiveIncomeNetOfTax": "72098000",
            "ebit": "94050000",
            "ebitda": "136199000",
            "netIncome": "72098000"
        },
        {
            "fiscalDateEnding": "2019-09-30",
            "reportedCurrency": "USD",
            "grossProfit": "192566000",
            "totalRevenue": "438357000",
            "costOfRevenue": "245791000",
            "costofGoodsAndServicesSold": "245791000",
            "operatingIncome": "118187000",
            "sellingGeneralAndAdministrative": "49436000",
            "researchAndDevelopment": "24591000",
            "operatingExpenses": "74035000",
            "investmentIncomeNet": "508000",
            "netInterestIncome": "352000",
            "interestIncome": "508000",
            "interestExpense": "156000",
            "nonInterestIncome": "438005000",
            "otherNonOperatingIncome": "None",
            "depreciation": "12708000",
            "depreciationAndAmortization": "42088000",
            "incomeBeforeTax": "118539000",
            "incomeTaxExpense": "29169000",
            "interestAndDebtExpense": "156000",
            "netIncomeFromContinuingOperations": "89370000",
            "comprehensiveIncomeNetOfTax": "89370000",
            "ebit": "118695000",
            "ebitda": "160783000",
            "netIncome": "89370000"
        },
        {
            "fiscalDateEnding": "2019-06-30",
            "reportedCurrency": "USD",
            "grossProfit": "153240000",
            "totalRevenue": "393280000",
            "costOfRevenue": "240040000",
            "costofGoodsAndServicesSold": "240040000",
            "operatingIncome": "79418000",
            "sellingGeneralAndAdministrative": "49131000",
            "researchAndDevelopment": "24920000",
            "operatingExpenses": "74051000",
            "investmentIncomeNet": "178000",
            "netInterestIncome": "-229000",
            "interestIncome": "178000",
            "interestExpense": "407000",
            "nonInterestIncome": "393509000",
            "otherNonOperatingIncome": "876000",
            "depreciation": "12656000",
            "depreciationAndAmortization": "41306000",
            "incomeBeforeTax": "79189000",
            "incomeTaxExpense": "18196000",
            "interestAndDebtExpense": "407000",
            "netIncomeFromContinuingOperations": "60993000",
            "comprehensiveIncomeNetOfTax": "60993000",
            "ebit": "79596000",
            "ebitda": "120902000",
            "netIncome": "60993000"
        },
        {
            "fiscalDateEnding": "2019-03-31",
            "reportedCurrency": "USD",
            "grossProfit": "144701000",
            "totalRevenue": "380295000",
            "costOfRevenue": "235594000",
            "costofGoodsAndServicesSold": "235594000",
            "operatingIncome": "76441000",
            "sellingGeneralAndAdministrative": "44887000",
            "researchAndDevelopment": "23442000",
            "operatingExpenses": "68329000",
            "investmentIncomeNet": "155000",
            "netInterestIncome": "-69000",
            "interestIncome": "155000",
            "interestExpense": "224000",
            "nonInterestIncome": "380364000",
            "otherNonOperatingIncome": "None",
            "depreciation": "12252000",
            "depreciationAndAmortization": "40711000",
            "incomeBeforeTax": "76372000",
            "incomeTaxExpense": "17120000",
            "interestAndDebtExpense": "224000",
            "netIncomeFromContinuingOperations": "59252000",
            "comprehensiveIncomeNetOfTax": "59252000",
            "ebit": "76596000",
            "ebitda": "117307000",
            "netIncome": "59252000"
        },
        {
            "fiscalDateEnding": "2018-12-31",
            "reportedCurrency": "USD",
            "grossProfit": "159095000",
            "totalRevenue": "386379000",
            "costOfRevenue": "227284000",
            "costofGoodsAndServicesSold": "227284000",
            "operatingIncome": "88204000",
            "sellingGeneralAndAdministrative": "46797000",
            "researchAndDevelopment": "23990000",
            "operatingExpenses": "70787000",
            "investmentIncomeNet": "252000",
            "netInterestIncome": "104000",
            "interestIncome": "252000",
            "interestExpense": "148000",
            "nonInterestIncome": "386275000",
            "otherNonOperatingIncome": "None",
            "depreciation": "11567000",
            "depreciationAndAmortization": "39886000",
            "incomeBeforeTax": "88308000",
            "incomeTaxExpense": "20219000",
            "interestAndDebtExpense": "148000",
            "netIncomeFromContinuingOperations": "68089000",
            "comprehensiveIncomeNetOfTax": "68089000",
            "ebit": "88456000",
            "ebitda": "128342000",
            "netIncome": "68089000"
        },
        {
            "fiscalDateEnding": "2018-09-30",
            "reportedCurrency": "USD",
            "grossProfit": "172575000",
            "totalRevenue": "392687000",
            "costOfRevenue": "220112000",
            "costofGoodsAndServicesSold": "220112000",
            "operatingIncome": "103222000",
            "sellingGeneralAndAdministrative": "45183000",
            "researchAndDevelopment": "24026000",
            "operatingExpenses": "69239000",
            "investmentIncomeNet": "291000",
            "netInterestIncome": "144000",
            "interestIncome": "291000",
            "interestExpense": "147000",
            "nonInterestIncome": "392543000",
            "otherNonOperatingIncome": "None",
            "depreciation": "10903000",
            "depreciationAndAmortization": "38730000",
            "incomeBeforeTax": "103366000",
            "incomeTaxExpense": "19815000",
            "interestAndDebtExpense": "147000",
            "netIncomeFromContinuingOperations": "83551000",
            "comprehensiveIncomeNetOfTax": "83551000",
            "ebit": "103513000",
            "ebitda": "142243000",
            "netIncome": "83551000"
        },
        {
            "fiscalDateEnding": "2018-06-30",
            "reportedCurrency": "USD",
            "grossProfit": "193623000",
            "totalRevenue": "417229000",
            "costOfRevenue": "223606000",
            "costofGoodsAndServicesSold": "235682000",
            "operatingIncome": "84950000",
            "sellingGeneralAndAdministrative": "45294000",
            "researchAndDevelopment": "24406000",
            "operatingExpenses": "73021000",
            "investmentIncomeNet": "152000",
            "netInterestIncome": "-595000",
            "interestIncome": "152000",
            "interestExpense": "747000",
            "nonInterestIncome": "0",
            "otherNonOperatingIncome": "1894000",
            "depreciation": "11505000",
            "depreciationAndAmortization": "39729000",
            "incomeBeforeTax": "84355000",
            "incomeTaxExpense": "16519000",
            "interestAndDebtExpense": "747000",
            "netIncomeFromContinuingOperations": "85280000",
            "comprehensiveIncomeNetOfTax": "85280000",
            "ebit": "85102000",
            "ebitda": "148407000",
            "netIncome": "67836000"
        },
        {
            "fiscalDateEnding": "2018-03-31",
            "reportedCurrency": "USD",
            "grossProfit": "166167000",
            "totalRevenue": "384684000",
            "costOfRevenue": "218517000",
            "costofGoodsAndServicesSold": "221592000",
            "operatingIncome": "90706000",
            "sellingGeneralAndAdministrative": "42234000",
            "researchAndDevelopment": "22591000",
            "operatingExpenses": "66776000",
            "investmentIncomeNet": "130000",
            "netInterestIncome": "-604000",
            "interestIncome": "130000",
            "interestExpense": "734000",
            "nonInterestIncome": "0",
            "otherNonOperatingIncome": "None",
            "depreciation": "11868000",
            "depreciationAndAmortization": "38944000",
            "incomeBeforeTax": "90102000",
            "incomeTaxExpense": "21017000",
            "interestAndDebtExpense": "734000",
            "netIncomeFromContinuingOperations": "72395000",
            "comprehensiveIncomeNetOfTax": "72395000",
            "ebit": "90836000",
            "ebitda": "135390000",
            "netIncome": "69085000"
        }
    ]
}