{
    "symbol": "LHX",
    "annualReports": [
        {
            "fiscalDateEnding": "2022-12-31",
            "reportedCurrency": "USD",
            "grossProfit": "480000000",
            "totalRevenue": "16777000000",
            "costOfRevenue": "16297000000",
            "costofGoodsAndServicesSold": "12135000000",
            "operatingIncome": "1826000000",
            "sellingGeneralAndAdministrative": "2998000000",
            "researchAndDevelopment": "None",
            "operatingExpenses": "4160000000",
            "investmentIncomeNet": "None",
            "netInterestIncome": "-279000000",
            "interestIncome": "None",
            "interestExpense": "None",
            "nonInterestIncome": "17056000000",
            "otherNonOperatingIncome": "2000000",
            "depreciation": "342000000",
            "depreciationAndAmortization": "333000000",
            "incomeBeforeTax": "1274000000",
            "incomeTaxExpense": "212000000",
            "interestAndDebtExpense": "None",
            "netIncomeFromContinuingOperations": "1062000000",
            "comprehensiveIncomeNetOfTax": "920000000",
            "ebit": "1826000000",
            "ebitda": "2159000000",
            "netIncome": "1062000000"
        },
        {
            "fiscalDateEnding": "2021-12-31",
            "reportedCurrency": "USD",
            "grossProfit": "1059000000",
            "totalRevenue": "17769000000",
            "costOfRevenue": "16710000000",
            "costofGoodsAndServicesSold": "12438000000",
            "operatingIncome": "2774000000",
            "sellingGeneralAndAdministrative": "3280000000",
            "researchAndDevelopment": "None",
            "operatingExpenses": "3607000000",
            "investmentIncomeNet": "None",
            "netInterestIncome": "-265000000",
            "interestIncome": "None",
            "interestExpense": "None",
            "nonInterestIncome": "18034000000",
            "otherNonOperatingIncome": "24000000",
            "depreciation": "343000000",
            "depreciationAndAmortization": "340000000",
            "incomeBeforeTax": "2286000000",
            "incomeTaxExpense": "440000000",
            "interestAndDebtExpense": "0",
            "netIncomeFromContinuingOperations": "1847000000",
            "comprehensiveIncomeNetOfTax": "2539000000",
            "ebit": "2774000000",
            "ebitda": "3114000000",
            "netIncome": "1846000000"
        },
        {
            "fiscalDateEnding": "2020-12-31",
            "reportedCurrency": "USD",
            "grossProfit": "233000000",
            "totalRevenue": "17913000000",
            "costOfRevenue": "17680000000",
            "costofGoodsAndServicesSold": "12886000000",
            "operatingIncome": "2162000000",
            "sellingGeneralAndAdministrative": "3315000000",
            "researchAndDevelopment": "None",
            "operatingExpenses": "4434000000",
            "investmentIncomeNet": "None",
            "netInterestIncome": "-254000000",
            "interestIncome": "16000000",
            "interestExpense": "270000000",
            "nonInterestIncome": "18167000000",
            "otherNonOperatingIncome": "12000000",
            "depreciation": "318000000",
            "depreciationAndAmortization": "323000000",
            "incomeBeforeTax": "1353000000",
            "incomeTaxExpense": "234000000",
            "interestAndDebtExpense": "-2000000",
            "netIncomeFromContinuingOperations": "1121000000",
            "comprehensiveIncomeNetOfTax": "788000000",
            "ebit": "1623000000",
            "ebitda": "1946000000",
            "netIncome": "1119000000"
        },
        {
            "fiscalDateEnding": "2019-06-30",
            "reportedCurrency": "USD",
            "grossProfit": "1964000000",
            "totalRevenue": "6632000000",
            "costOfRevenue": "4668000000",
            "costofGoodsAndServicesSold": "4467000000",
            "operatingIncome": "1446000000",
            "sellingGeneralAndAdministrative": "1242000000",
            "researchAndDevelopment": "331000000",
            "operatingExpenses": "1242000000",
            "investmentIncomeNet": "2000000",
            "netInterestIncome": "-167000000",
            "interestIncome": "2000000",
            "interestExpense": "169000000",
            "nonInterestIncome": "6801000000",
            "otherNonOperatingIncome": "2000000",
            "depreciation": "138000000",
            "depreciationAndAmortization": "143000000",
            "incomeBeforeTax": "1109000000",
            "incomeTaxExpense": "160000000",
            "interestAndDebtExpense": "169000000",
            "netIncomeFromContinuingOperations": "953000000",
            "comprehensiveIncomeNetOfTax": "444000000",
            "ebit": "1278000000",
            "ebitda": "1421000000",
            "netIncome": "949000000"
        },
        {
            "fiscalDateEnding": "2018-06-30",
            "reportedCurrency": "USD",
            "grossProfit": "1981000000",
            "totalRevenue": "6182000000",
            "costOfRevenue": "4201000000",
            "costofGoodsAndServicesSold": "4066000000",
            "operatingIncome": "1122000000",
            "sellingGeneralAndAdministrative": "1182000000",
            "researchAndDevelopment": "None",
            "operatingExpenses": "1182000000",
            "investmentIncomeNet": "2000000",
            "netInterestIncome": "-168000000",
            "interestIncome": "2000000",
            "interestExpense": "170000000",
            "nonInterestIncome": "-24000000",
            "otherNonOperatingIncome": "156000000",
            "depreciation": "143000000",
            "depreciationAndAmortization": "142000000",
            "incomeBeforeTax": "905000000",
            "incomeTaxExpense": "206000000",
            "interestAndDebtExpense": "194000000",
            "netIncomeFromContinuingOperations": "702000000",
            "comprehensiveIncomeNetOfTax": "808000000",
            "ebit": "1075000000",
            "ebitda": "1217000000",
            "netIncome": "699000000"
        }
    ],
    "quarterlyReports": [
        {
            "fiscalDateEnding": "2022-12-31",
            "reportedCurrency": "USD",
            "grossProfit": "159000000",
            "totalRevenue": "4503000000",
            "costOfRevenue": "4344000000",
            "costofGoodsAndServicesSold": "3316000000",
            "operatingIncome": "4631000000",
            "sellingGeneralAndAdministrative": "767000000",
            "researchAndDevelopment": "None",
            "operatingExpenses": "1029000000",
            "investmentIncomeNet": "None",
            "netInterestIncome": "-74000000",
            "interestIncome": "74000000",
            "interestExpense": "74000000",
            "nonInterestIncome": "4577000000",
            "otherNonOperatingIncome": "-311000000",
            "depreciation": "92000000",
            "depreciationAndAmortization": "-92000000",
            "incomeBeforeTax": "532000000",
            "incomeTaxExpense": "116000000",
            "interestAndDebtExpense": "None",
            "netIncomeFromContinuingOperations": "418000000",
            "comprehensiveIncomeNetOfTax": "494000000",
            "ebit": "4631000000",
            "ebitda": "514000000",
            "netIncome": "416000000"
        },
        {
            "fiscalDateEnding": "2022-09-30",
            "reportedCurrency": "USD",
            "grossProfit": "-480000000",
            "totalRevenue": "4176000000",
            "costOfRevenue": "4656000000",
            "costofGoodsAndServicesSold": "3052000000",
            "operatingIncome": "-2074000000",
            "sellingGeneralAndAdministrative": "742000000",
            "researchAndDevelopment": "None",
            "operatingExpenses": "1594000000",
            "investmentIncomeNet": "None",
            "netInterestIncome": "-70000000",
            "interestIncome": "70000000",
            "interestExpense": "70000000",
            "nonInterestIncome": "4246000000",
            "otherNonOperatingIncome": "99000000",
            "depreciation": "84000000",
            "depreciationAndAmortization": "232000000",
            "incomeBeforeTax": "-320000000",
            "incomeTaxExpense": "-20000000",
            "interestAndDebtExpense": "None",
            "netIncomeFromContinuingOperations": "-301000000",
            "comprehensiveIncomeNetOfTax": "-434000000",
            "ebit": "-2074000000",
            "ebitda": "-18000000",
            "netIncome": "-300000000"
        },
        {
            "fiscalDateEnding": "2022-06-30",
            "reportedCurrency": "USD",
            "grossProfit": "1228000000",
            "totalRevenue": "4135000000",
            "costOfRevenue": "2907000000",
            "costofGoodsAndServicesSold": "2907000000",
            "operatingIncome": "484000000",
            "sellingGeneralAndAdministrative": "744000000",
            "researchAndDevelopment": "None",
            "operatingExpenses": "744000000",
            "investmentIncomeNet": "None",
            "netInterestIncome": "-67000000",
            "interestIncome": "67000000",
            "interestExpense": "67000000",
            "nonInterestIncome": "None",
            "otherNonOperatingIncome": "None",
            "depreciation": "None",
            "depreciationAndAmortization": "82000000",
            "incomeBeforeTax": "526000000",
            "incomeTaxExpense": "55000000",
            "interestAndDebtExpense": "None",
            "netIncomeFromContinuingOperations": "471000000",
            "comprehensiveIncomeNetOfTax": "389000000",
            "ebit": "593000000",
            "ebitda": "826000000",
            "netIncome": "471000000"
        },
        {
            "fiscalDateEnding": "2022-03-31",
            "reportedCurrency": "USD",
            "grossProfit": "1211000000",
            "totalRevenue": "4103000000",
            "costOfRevenue": "2892000000",
            "costofGoodsAndServicesSold": "2892000000",
            "operatingIncome": "498000000",
            "sellingGeneralAndAdministrative": "713000000",
            "researchAndDevelopment": "None",
            "operatingExpenses": "713000000",
            "investmentIncomeNet": "None",
            "netInterestIncome": "-68000000",
            "interestIncome": "68000000",
            "interestExpense": "68000000",
            "nonInterestIncome": "None",
            "otherNonOperatingIncome": "None",
            "depreciation": "None",
            "depreciationAndAmortization": "80000000",
            "incomeBeforeTax": "536000000",
            "incomeTaxExpense": "61000000",
            "interestAndDebtExpense": "None",
            "netIncomeFromContinuingOperations": "475000000",
            "comprehensiveIncomeNetOfTax": "471000000",
            "ebit": "604000000",
            "ebitda": "836000000",
            "netIncome": "475000000"
        },
        {
            "fiscalDateEnding": "2021-12-31",
            "reportedCurrency": "USD",
            "grossProfit": "-243000000",
            "totalRevenue": "4311000000",
            "costOfRevenue": "4554000000",
            "costofGoodsAndServicesSold": "3053000000",
            "operatingIncome": "4243000000",
            "sellingGeneralAndAdministrative": "795000000",
            "researchAndDevelopment": "None",
            "operatingExpenses": "1028000000",
            "investmentIncomeNet": "None",
            "netInterestIncome": "-67000000",
            "interestIncome": "67000000",
            "interestExpense": "67000000",
            "nonInterestIncome": "4378000000",
            "otherNonOperatingIncome": "4000000",
            "depreciation": "94000000",
            "depreciationAndAmortization": "92000000",
            "incomeBeforeTax": "588000000",
            "incomeTaxExpense": "104000000",
            "interestAndDebtExpense": "None",
            "netIncomeFromContinuingOperations": "484000000",
            "comprehensiveIncomeNetOfTax": "641000000",
            "ebit": "4243000000",
            "ebitda": "4335000000",
            "netIncome": "484000000"
        },
        {
            "fiscalDateEnding": "2021-09-30",
            "reportedCurrency": "USD",
            "grossProfit": "440000000",
            "totalRevenue": "4189000000",
            "costOfRevenue": "3749000000",
            "costofGoodsAndServicesSold": "2921000000",
            "operatingIncome": "-388000000",
            "sellingGeneralAndAdministrative": "793000000",
            "researchAndDevelopment": "None",
            "operatingExpenses": "801000000",
            "investmentIncomeNet": "None",
            "netInterestIncome": "-67000000",
            "interestIncome": "67000000",
            "interestExpense": "67000000",
            "nonInterestIncome": "4256000000",
            "otherNonOperatingIncome": "7000000",
            "depreciation": "85000000",
            "depreciationAndAmortization": "84000000",
            "incomeBeforeTax": "588000000",
            "incomeTaxExpense": "107000000",
            "interestAndDebtExpense": "None",
            "netIncomeFromContinuingOperations": "481000000",
            "comprehensiveIncomeNetOfTax": "1013000000",
            "ebit": "-388000000",
            "ebitda": "-304000000",
            "netIncome": "481000000"
        },
        {
            "fiscalDateEnding": "2021-06-30",
            "reportedCurrency": "USD",
            "grossProfit": "395000000",
            "totalRevenue": "4783000000",
            "costOfRevenue": "4388000000",
            "costofGoodsAndServicesSold": "3251000000",
            "operatingIncome": "-742000000",
            "sellingGeneralAndAdministrative": "891000000",
            "researchAndDevelopment": "None",
            "operatingExpenses": "957000000",
            "investmentIncomeNet": "None",
            "netInterestIncome": "-65000000",
            "interestIncome": "65000000",
            "interestExpense": "65000000",
            "nonInterestIncome": "4848000000",
            "otherNonOperatingIncome": "7000000",
            "depreciation": "80000000",
            "depreciationAndAmortization": "77000000",
            "incomeBeforeTax": "582000000",
            "incomeTaxExpense": "169000000",
            "interestAndDebtExpense": "None",
            "netIncomeFromContinuingOperations": "413000000",
            "comprehensiveIncomeNetOfTax": "432000000",
            "ebit": "-742000000",
            "ebitda": "-665000000",
            "netIncome": "413000000"
        },
        {
            "fiscalDateEnding": "2021-03-31",
            "reportedCurrency": "USD",
            "grossProfit": "302000000",
            "totalRevenue": "4486000000",
            "costOfRevenue": "4184000000",
            "costofGoodsAndServicesSold": "3213000000",
            "operatingIncome": "-669000000",
            "sellingGeneralAndAdministrative": "801000000",
            "researchAndDevelopment": "None",
            "operatingExpenses": "986000000",
            "investmentIncomeNet": "None",
            "netInterestIncome": "-66000000",
            "interestIncome": "3000000",
            "interestExpense": "69000000",
            "nonInterestIncome": "4552000000",
            "otherNonOperatingIncome": "6000000",
            "depreciation": "84000000",
            "depreciationAndAmortization": "87000000",
            "incomeBeforeTax": "528000000",
            "incomeTaxExpense": "60000000",
            "interestAndDebtExpense": "None",
            "netIncomeFromContinuingOperations": "469000000",
            "comprehensiveIncomeNetOfTax": "453000000",
            "ebit": "597000000",
            "ebitda": "684000000",
            "netIncome": "468000000"
        },
        {
            "fiscalDateEnding": "2020-12-31",
            "reportedCurrency": "USD",
            "grossProfit": "713000000",
            "totalRevenue": "4569000000",
            "costOfRevenue": "17200000000",
            "costofGoodsAndServicesSold": "3261000000",
            "operatingIncome": "3122000000",
            "sellingGeneralAndAdministrative": "831000000",
            "researchAndDevelopment": "None",
            "operatingExpenses": "3954000000",
            "investmentIncomeNet": "None",
            "netInterestIncome": "-64000000",
            "interestIncome": "4000000",
            "interestExpense": "68000000",
            "nonInterestIncome": "4633000000",
            "otherNonOperatingIncome": "8000000",
            "depreciation": "81000000",
            "depreciationAndAmortization": "84000000",
            "incomeBeforeTax": "256000000",
            "incomeTaxExpense": "63000000",
            "interestAndDebtExpense": "None",
            "netIncomeFromContinuingOperations": "193000000",
            "comprehensiveIncomeNetOfTax": "-56000000",
            "ebit": "324000000",
            "ebitda": "408000000",
            "netIncome": "193000000"
        },
        {
            "fiscalDateEnding": "2020-09-30",
            "reportedCurrency": "USD",
            "grossProfit": "46000000",
            "totalRevenue": "4401000000",
            "costOfRevenue": "4355000000",
            "costofGoodsAndServicesSold": "3152000000",
            "operatingIncome": "-1060000000",
            "sellingGeneralAndAdministrative": "817000000",
            "researchAndDevelopment": "None",
            "operatingExpenses": "1106000000",
            "investmentIncomeNet": "None",
            "netInterestIncome": "-62000000",
            "interestIncome": "4000000",
            "interestExpense": "66000000",
            "nonInterestIncome": "4463000000",
            "otherNonOperatingIncome": "-1000000",
            "depreciation": "83000000",
            "depreciationAndAmortization": "77000000",
            "incomeBeforeTax": "513000000",
            "incomeTaxExpense": "87000000",
            "interestAndDebtExpense": "None",
            "netIncomeFromContinuingOperations": "427000000",
            "comprehensiveIncomeNetOfTax": "460000000",
            "ebit": "579000000",
            "ebitda": "656000000",
            "netIncome": "426000000"
        },
        {
            "fiscalDateEnding": "2020-06-30",
            "reportedCurrency": "USD",
            "grossProfit": "-142000000",
            "totalRevenue": "4380000000",
            "costOfRevenue": "4522000000",
            "costofGoodsAndServicesSold": "3175000000",
            "operatingIncome": "-1391000000",
            "sellingGeneralAndAdministrative": "855000000",
            "researchAndDevelopment": "None",
            "operatingExpenses": "1249000000",
            "investmentIncomeNet": "None",
            "netInterestIncome": "-65000000",
            "interestIncome": "3000000",
            "interestExpense": "68000000",
            "nonInterestIncome": "4445000000",
            "otherNonOperatingIncome": "7000000",
            "depreciation": "78000000",
            "depreciationAndAmortization": "77000000",
            "incomeBeforeTax": "341000000",
            "incomeTaxExpense": "58000000",
            "interestAndDebtExpense": "None",
            "netIncomeFromContinuingOperations": "283000000",
            "comprehensiveIncomeNetOfTax": "310000000",
            "ebit": "409000000",
            "ebitda": "486000000",
            "netIncome": "283000000"
        },
        {
            "fiscalDateEnding": "2020-03-31",
            "reportedCurrency": "USD",
            "grossProfit": "-56000000",
            "totalRevenue": "4560000000",
            "costOfRevenue": "4616000000",
            "costofGoodsAndServicesSold": "3298000000",
            "operatingIncome": "-1277000000",
            "sellingGeneralAndAdministrative": "812000000",
            "researchAndDevelopment": "None",
            "operatingExpenses": "1224000000",
            "investmentIncomeNet": "5000000",
            "netInterestIncome": "-63000000",
            "interestIncome": "5000000",
            "interestExpense": "68000000",
            "nonInterestIncome": "4623000000",
            "otherNonOperatingIncome": "-2000000",
            "depreciation": "76000000",
            "depreciationAndAmortization": "85000000",
            "incomeBeforeTax": "243000000",
            "incomeTaxExpense": "26000000",
            "interestAndDebtExpense": "68000000",
            "netIncomeFromContinuingOperations": "218000000",
            "comprehensiveIncomeNetOfTax": "74000000",
            "ebit": "311000000",
            "ebitda": "396000000",
            "netIncome": "217000000"
        },
        {
            "fiscalDateEnding": "2019-12-31",
            "reportedCurrency": "USD",
            "grossProfit": "-767000000",
            "totalRevenue": "4774000000",
            "costOfRevenue": "5541000000",
            "costofGoodsAndServicesSold": "3484000000",
            "operatingIncome": "1560000000",
            "sellingGeneralAndAdministrative": "882000000",
            "researchAndDevelopment": "None",
            "operatingExpenses": "969000000",
            "investmentIncomeNet": "3000000",
            "netInterestIncome": "-65000000",
            "interestIncome": "3000000",
            "interestExpense": "68000000",
            "nonInterestIncome": "4830000000",
            "otherNonOperatingIncome": "0",
            "depreciation": "78000000",
            "depreciationAndAmortization": "-48000000",
            "incomeBeforeTax": "461000000",
            "incomeTaxExpense": "68000000",
            "interestAndDebtExpense": "70000000",
            "netIncomeFromContinuingOperations": "394000000",
            "comprehensiveIncomeNetOfTax": "641000000",
            "ebit": "529000000",
            "ebitda": "481000000",
            "netIncome": "393000000"
        },
        {
            "fiscalDateEnding": "2019-09-30",
            "reportedCurrency": "USD",
            "grossProfit": "1039000000",
            "totalRevenue": "4593000000",
            "costOfRevenue": "3554000000",
            "costofGoodsAndServicesSold": "3242000000",
            "operatingIncome": "40000000",
            "sellingGeneralAndAdministrative": "999000000",
            "researchAndDevelopment": "None",
            "operatingExpenses": "999000000",
            "investmentIncomeNet": "9000000",
            "netInterestIncome": "-58000000",
            "interestIncome": "9000000",
            "interestExpense": "67000000",
            "nonInterestIncome": "4660000000",
            "otherNonOperatingIncome": "-1000000",
            "depreciation": "79000000",
            "depreciationAndAmortization": "201000000",
            "incomeBeforeTax": "434000000",
            "incomeTaxExpense": "5000000",
            "interestAndDebtExpense": "67000000",
            "netIncomeFromContinuingOperations": "429000000",
            "comprehensiveIncomeNetOfTax": "380000000",
            "ebit": "501000000",
            "ebitda": "702000000",
            "netIncome": "429000000"
        },
        {
            "fiscalDateEnding": "2019-06-30",
            "reportedCurrency": "USD",
            "grossProfit": "218000000",
            "totalRevenue": "1826000000",
            "costOfRevenue": "1608000000",
            "costofGoodsAndServicesSold": "1223000000",
            "operatingIncome": "883000000",
            "sellingGeneralAndAdministrative": "349000000",
            "researchAndDevelopment": "None",
            "operatingExpenses": "349000000",
            "investmentIncomeNet": "0",
            "netInterestIncome": "-37000000",
            "interestIncome": "2000000",
            "interestExpense": "39000000",
            "nonInterestIncome": "1865000000",
            "otherNonOperatingIncome": "2000000",
            "depreciation": "36000000",
            "depreciationAndAmortization": "65000000",
            "incomeBeforeTax": "301000000",
            "incomeTaxExpense": "33000000",
            "interestAndDebtExpense": "39000000",
            "netIncomeFromContinuingOperations": "269000000",
            "comprehensiveIncomeNetOfTax": "-222000000",
            "ebit": "340000000",
            "ebitda": "405000000",
            "netIncome": "268000000"
        },
        {
            "fiscalDateEnding": "2019-03-31",
            "reportedCurrency": "USD",
            "grossProfit": "512000000",
            "totalRevenue": "1685000000",
            "costOfRevenue": "1173000000",
            "costofGoodsAndServicesSold": "1139000000",
            "operatingIncome": "202000000",
            "sellingGeneralAndAdministrative": "310000000",
            "researchAndDevelopment": "None",
            "operatingExpenses": "310000000",
            "investmentIncomeNet": "1000000",
            "netInterestIncome": "-43000000",
            "interestIncome": "1000000",
            "interestExpense": "43000000",
            "nonInterestIncome": "1728000000",
            "otherNonOperatingIncome": "-1000000",
            "depreciation": "34000000",
            "depreciationAndAmortization": "64000000",
            "incomeBeforeTax": "283000000",
            "incomeTaxExpense": "40000000",
            "interestAndDebtExpense": "43000000",
            "netIncomeFromContinuingOperations": "243000000",
            "comprehensiveIncomeNetOfTax": "237000000",
            "ebit": "326000000",
            "ebitda": "390000000",
            "netIncome": "243000000"
        },
        {
            "fiscalDateEnding": "2018-12-31",
            "reportedCurrency": "USD",
            "grossProfit": "495000000",
            "totalRevenue": "1623000000",
            "costOfRevenue": "1128000000",
            "costofGoodsAndServicesSold": "1095000000",
            "operatingIncome": "191000000",
            "sellingGeneralAndAdministrative": "580000000",
            "researchAndDevelopment": "None",
            "operatingExpenses": "304000000",
            "investmentIncomeNet": "0",
            "netInterestIncome": "-43000000",
            "interestIncome": "None",
            "interestExpense": "43000000",
            "nonInterestIncome": "1666000000",
            "otherNonOperatingIncome": "94000000",
            "depreciation": "33000000",
            "depreciationAndAmortization": "6000000",
            "incomeBeforeTax": "271000000",
            "incomeTaxExpense": "46000000",
            "interestAndDebtExpense": "43000000",
            "netIncomeFromContinuingOperations": "225000000",
            "comprehensiveIncomeNetOfTax": "216000000",
            "ebit": "314000000",
            "ebitda": "320000000",
            "netIncome": "225000000"
        },
        {
            "fiscalDateEnding": "2018-09-30",
            "reportedCurrency": "USD",
            "grossProfit": "453000000",
            "totalRevenue": "1499000000",
            "costOfRevenue": "1046000000",
            "costofGoodsAndServicesSold": "1010000000",
            "operatingIncome": "174000000",
            "sellingGeneralAndAdministrative": "558000000",
            "researchAndDevelopment": "None",
            "operatingExpenses": "279000000",
            "investmentIncomeNet": "1000000",
            "netInterestIncome": "-43000000",
            "interestIncome": "1000000",
            "interestExpense": "44000000",
            "nonInterestIncome": "1542000000",
            "otherNonOperatingIncome": "0",
            "depreciation": "35000000",
            "depreciationAndAmortization": "65000000",
            "incomeBeforeTax": "254000000",
            "incomeTaxExpense": "41000000",
            "interestAndDebtExpense": "44000000",
            "netIncomeFromContinuingOperations": "216000000",
            "comprehensiveIncomeNetOfTax": "213000000",
            "ebit": "298000000",
            "ebitda": "363000000",
            "netIncome": "213000000"
        },
        {
            "fiscalDateEnding": "2018-06-30",
            "reportedCurrency": "USD",
            "grossProfit": "609000000",
            "totalRevenue": "1789000000",
            "costOfRevenue": "1180000000",
            "costofGoodsAndServicesSold": "1097000000",
            "operatingIncome": "322000000",
            "sellingGeneralAndAdministrative": "609000000",
            "researchAndDevelopment": "None",
            "operatingExpenses": "292000000",
            "investmentIncomeNet": "1000000",
            "netInterestIncome": "-45000000",
            "interestIncome": "1000000",
            "interestExpense": "46000000",
            "nonInterestIncome": "-24000000",
            "otherNonOperatingIncome": "-25000000",
            "depreciation": "37000000",
            "depreciationAndAmortization": "37000000",
            "incomeBeforeTax": "252000000",
            "incomeTaxExpense": "39000000",
            "interestAndDebtExpense": "70000000",
            "netIncomeFromContinuingOperations": "193000000",
            "comprehensiveIncomeNetOfTax": "295000000",
            "ebit": "298000000",
            "ebitda": "335000000",
            "netIncome": "213000000"
        },
        {
            "fiscalDateEnding": "2018-03-31",
            "reportedCurrency": "USD",
            "grossProfit": "487000000",
            "totalRevenue": "1527000000",
            "costOfRevenue": "1040000000",
            "costofGoodsAndServicesSold": "1028000000",
            "operatingIncome": "256000000",
            "sellingGeneralAndAdministrative": "636000000",
            "researchAndDevelopment": "None",
            "operatingExpenses": "331000000",
            "investmentIncomeNet": "0",
            "netInterestIncome": "-41000000",
            "interestIncome": "None",
            "interestExpense": "41000000",
            "nonInterestIncome": "1562000000",
            "otherNonOperatingIncome": "None",
            "depreciation": "33000000",
            "depreciationAndAmortization": "33000000",
            "incomeBeforeTax": "206000000",
            "incomeTaxExpense": "10000000",
            "interestAndDebtExpense": "41000000",
            "netIncomeFromContinuingOperations": "203000000",
            "comprehensiveIncomeNetOfTax": "201000000",
            "ebit": "247000000",
            "ebitda": "280000000",
            "netIncome": "196000000"
        }
    ]
}