{
    "symbol": "MSI",
    "annualReports": [
        {
            "fiscalDateEnding": "2022-12-31",
            "reportedCurrency": "USD",
            "grossProfit": "4229000000",
            "totalRevenue": "8868000000",
            "costOfRevenue": "6632000000",
            "costofGoodsAndServicesSold": "4883000000",
            "operatingIncome": "1661000000",
            "sellingGeneralAndAdministrative": "1450000000",
            "researchAndDevelopment": "779000000",
            "operatingExpenses": "2890000000",
            "investmentIncomeNet": "14000000",
            "netInterestIncome": "-240000000",
            "interestIncome": "193000000",
            "interestExpense": "240000000",
            "nonInterestIncome": "9103000000",
            "otherNonOperatingIncome": "77000000",
            "depreciation": "183000000",
            "depreciationAndAmortization": "263000000",
            "incomeBeforeTax": "1511000000",
            "incomeTaxExpense": "148000000",
            "interestAndDebtExpense": "246000000",
            "netIncomeFromContinuingOperations": "1367000000",
            "comprehensiveIncomeNetOfTax": "1207000000",
            "ebit": "1751000000",
            "ebitda": "2014000000",
            "netIncome": "1363000000"
        },
        {
            "fiscalDateEnding": "2021-12-31",
            "reportedCurrency": "USD",
            "grossProfit": "4040000000",
            "totalRevenue": "7942000000",
            "costOfRevenue": "5762000000",
            "costofGoodsAndServicesSold": "4131000000",
            "operatingIncome": "1667000000",
            "sellingGeneralAndAdministrative": "1353000000",
            "researchAndDevelopment": "734000000",
            "operatingExpenses": "2654000000",
            "investmentIncomeNet": "7000000",
            "netInterestIncome": "-215000000",
            "interestIncome": "199000000",
            "interestExpense": "215000000",
            "nonInterestIncome": "8150000000",
            "otherNonOperatingIncome": "92000000",
            "depreciation": "202000000",
            "depreciationAndAmortization": "246000000",
            "incomeBeforeTax": "1547000000",
            "incomeTaxExpense": "302000000",
            "interestAndDebtExpense": "215000000",
            "netIncomeFromContinuingOperations": "1250000000",
            "comprehensiveIncomeNetOfTax": "1312000000",
            "ebit": "1762000000",
            "ebitda": "2008000000",
            "netIncome": "1245000000"
        },
        {
            "fiscalDateEnding": "2020-12-31",
            "reportedCurrency": "USD",
            "grossProfit": "3608000000",
            "totalRevenue": "7223000000",
            "costOfRevenue": "5411000000",
            "costofGoodsAndServicesSold": "3806000000",
            "operatingIncome": "1383000000",
            "sellingGeneralAndAdministrative": "1293000000",
            "researchAndDevelopment": "686000000",
            "operatingExpenses": "2543000000",
            "investmentIncomeNet": "13000000",
            "netInterestIncome": "-233000000",
            "interestIncome": "222000000",
            "interestExpense": "233000000",
            "nonInterestIncome": "7451000000",
            "otherNonOperatingIncome": "13000000",
            "depreciation": "194000000",
            "depreciationAndAmortization": "226000000",
            "incomeBeforeTax": "1170000000",
            "incomeTaxExpense": "221000000",
            "interestAndDebtExpense": "233000000",
            "netIncomeFromContinuingOperations": "953000000",
            "comprehensiveIncomeNetOfTax": "943000000",
            "ebit": "1403000000",
            "ebitda": "1629000000",
            "netIncome": "949000000"
        },
        {
            "fiscalDateEnding": "2019-12-31",
            "reportedCurrency": "USD",
            "grossProfit": "3931000000",
            "totalRevenue": "7574000000",
            "costOfRevenue": "5636000000",
            "costofGoodsAndServicesSold": "3956000000",
            "operatingIncome": "1581000000",
            "sellingGeneralAndAdministrative": "1403000000",
            "researchAndDevelopment": "687000000",
            "operatingExpenses": "2627000000",
            "investmentIncomeNet": "17000000",
            "netInterestIncome": "-237000000",
            "interestIncome": "17000000",
            "interestExpense": "237000000",
            "nonInterestIncome": "7807000000",
            "otherNonOperatingIncome": "-365000000",
            "depreciation": "186000000",
            "depreciationAndAmortization": "220000000",
            "incomeBeforeTax": "998000000",
            "incomeTaxExpense": "130000000",
            "interestAndDebtExpense": "287000000",
            "netIncomeFromContinuingOperations": "871000000",
            "comprehensiveIncomeNetOfTax": "1193000000",
            "ebit": "1235000000",
            "ebitda": "1455000000",
            "netIncome": "868000000"
        },
        {
            "fiscalDateEnding": "2018-12-31",
            "reportedCurrency": "USD",
            "grossProfit": "3480000000",
            "totalRevenue": "7344000000",
            "costOfRevenue": "3864000000",
            "costofGoodsAndServicesSold": "3863000000",
            "operatingIncome": "1255000000",
            "sellingGeneralAndAdministrative": "1254000000",
            "researchAndDevelopment": "637000000",
            "operatingExpenses": "2536000000",
            "investmentIncomeNet": "18000000",
            "netInterestIncome": "-240000000",
            "interestIncome": "18000000",
            "interestExpense": "240000000",
            "nonInterestIncome": "7322000000",
            "otherNonOperatingIncome": "53000000",
            "depreciation": "172000000",
            "depreciationAndAmortization": "188000000",
            "incomeBeforeTax": "1099000000",
            "incomeTaxExpense": "133000000",
            "interestAndDebtExpense": "234000000",
            "netIncomeFromContinuingOperations": "969000000",
            "comprehensiveIncomeNetOfTax": "763000000",
            "ebit": "1339000000",
            "ebitda": "1527000000",
            "netIncome": "966000000"
        }
    ],
    "quarterlyReports": [
        {
            "fiscalDateEnding": "2022-12-31",
            "reportedCurrency": "USD",
            "grossProfit": "1351000000",
            "totalRevenue": "2706000000",
            "costOfRevenue": "1355000000",
            "costofGoodsAndServicesSold": "1356000000",
            "operatingIncome": "691000000",
            "sellingGeneralAndAdministrative": "381000000",
            "researchAndDevelopment": "202000000",
            "operatingExpenses": "582000000",
            "investmentIncomeNet": "6000000",
            "netInterestIncome": "-54000000",
            "interestIncome": "59000000",
            "interestExpense": "61000000",
            "nonInterestIncome": "None",
            "otherNonOperatingIncome": "27000000",
            "depreciation": "46000000",
            "depreciationAndAmortization": "109000000",
            "incomeBeforeTax": "662000000",
            "incomeTaxExpense": "73000000",
            "interestAndDebtExpense": "None",
            "netIncomeFromContinuingOperations": "590000000",
            "comprehensiveIncomeNetOfTax": "692000000",
            "ebit": "723000000",
            "ebitda": "825000000",
            "netIncome": "589000000"
        },
        {
            "fiscalDateEnding": "2022-09-30",
            "reportedCurrency": "USD",
            "grossProfit": "1031000000",
            "totalRevenue": "2373000000",
            "costOfRevenue": "1342000000",
            "costofGoodsAndServicesSold": "1342000000",
            "operatingIncome": "373000000",
            "sellingGeneralAndAdministrative": "378000000",
            "researchAndDevelopment": "197000000",
            "operatingExpenses": "638000000",
            "investmentIncomeNet": "2000000",
            "netInterestIncome": "-60000000",
            "interestIncome": "2000000",
            "interestExpense": "62000000",
            "nonInterestIncome": "None",
            "otherNonOperatingIncome": "19000000",
            "depreciation": "45000000",
            "depreciationAndAmortization": "108000000",
            "incomeBeforeTax": "332000000",
            "incomeTaxExpense": "53000000",
            "interestAndDebtExpense": "None",
            "netIncomeFromContinuingOperations": "280000000",
            "comprehensiveIncomeNetOfTax": "132000000",
            "ebit": "394000000",
            "ebitda": "502000000",
            "netIncome": "279000000"
        },
        {
            "fiscalDateEnding": "2022-06-30",
            "reportedCurrency": "USD",
            "grossProfit": "990000000",
            "totalRevenue": "2140000000",
            "costOfRevenue": "1150000000",
            "costofGoodsAndServicesSold": "1150000000",
            "operatingIncome": "358000000",
            "sellingGeneralAndAdministrative": "356000000",
            "researchAndDevelopment": "191000000",
            "operatingExpenses": "612000000",
            "investmentIncomeNet": "3000000",
            "netInterestIncome": "-56000000",
            "interestIncome": "3000000",
            "interestExpense": "59000000",
            "nonInterestIncome": "None",
            "otherNonOperatingIncome": "-2000000",
            "depreciation": "47000000",
            "depreciationAndAmortization": "112000000",
            "incomeBeforeTax": "299000000",
            "incomeTaxExpense": "71000000",
            "interestAndDebtExpense": "None",
            "netIncomeFromContinuingOperations": "229000000",
            "comprehensiveIncomeNetOfTax": "121000000",
            "ebit": "358000000",
            "ebitda": "470000000",
            "netIncome": "228000000"
        },
        {
            "fiscalDateEnding": "2022-03-31",
            "reportedCurrency": "USD",
            "grossProfit": "857000000",
            "totalRevenue": "1892000000",
            "costOfRevenue": "1035000000",
            "costofGoodsAndServicesSold": "1035000000",
            "operatingIncome": "239000000",
            "sellingGeneralAndAdministrative": "338000000",
            "researchAndDevelopment": "188000000",
            "operatingExpenses": "592000000",
            "investmentIncomeNet": "2000000",
            "netInterestIncome": "-56000000",
            "interestIncome": "2000000",
            "interestExpense": "58000000",
            "nonInterestIncome": "None",
            "otherNonOperatingIncome": "34000000",
            "depreciation": "45000000",
            "depreciationAndAmortization": "111000000",
            "incomeBeforeTax": "218000000",
            "incomeTaxExpense": "-49000000",
            "interestAndDebtExpense": "None",
            "netIncomeFromContinuingOperations": "268000000",
            "comprehensiveIncomeNetOfTax": "262000000",
            "ebit": "276000000",
            "ebitda": "387000000",
            "netIncome": "267000000"
        },
        {
            "fiscalDateEnding": "2021-12-31",
            "reportedCurrency": "USD",
            "grossProfit": "1183000000",
            "totalRevenue": "2271000000",
            "costOfRevenue": "1574000000",
            "costofGoodsAndServicesSold": "1137000000",
            "operatingIncome": "549000000",
            "sellingGeneralAndAdministrative": "368000000",
            "researchAndDevelopment": "189000000",
            "operatingExpenses": "912000000",
            "investmentIncomeNet": "1000000",
            "netInterestIncome": "-55000000",
            "interestIncome": "50000000",
            "interestExpense": "55000000",
            "nonInterestIncome": "2323000000",
            "otherNonOperatingIncome": "22000000",
            "depreciation": "49000000",
            "depreciationAndAmortization": "66000000",
            "incomeBeforeTax": "517000000",
            "incomeTaxExpense": "116000000",
            "interestAndDebtExpense": "37000000",
            "netIncomeFromContinuingOperations": "402000000",
            "comprehensiveIncomeNetOfTax": "438000000",
            "ebit": "572000000",
            "ebitda": "638000000",
            "netIncome": "401000000"
        },
        {
            "fiscalDateEnding": "2021-09-30",
            "reportedCurrency": "USD",
            "grossProfit": "1045000000",
            "totalRevenue": "2046000000",
            "costOfRevenue": "1475000000",
            "costofGoodsAndServicesSold": "1062000000",
            "operatingIncome": "451000000",
            "sellingGeneralAndAdministrative": "351000000",
            "researchAndDevelopment": "183000000",
            "operatingExpenses": "596000000",
            "investmentIncomeNet": "2000000",
            "netInterestIncome": "-58000000",
            "interestIncome": "2000000",
            "interestExpense": "58000000",
            "nonInterestIncome": "2102000000",
            "otherNonOperatingIncome": "10000000",
            "depreciation": "49000000",
            "depreciationAndAmortization": "58000000",
            "incomeBeforeTax": "404000000",
            "incomeTaxExpense": "97000000",
            "interestAndDebtExpense": "58000000",
            "netIncomeFromContinuingOperations": "308000000",
            "comprehensiveIncomeNetOfTax": "279000000",
            "ebit": "462000000",
            "ebitda": "520000000",
            "netIncome": "307000000"
        },
        {
            "fiscalDateEnding": "2021-06-30",
            "reportedCurrency": "USD",
            "grossProfit": "952000000",
            "totalRevenue": "1901000000",
            "costOfRevenue": "1420000000",
            "costofGoodsAndServicesSold": "1019000000",
            "operatingIncome": "370000000",
            "sellingGeneralAndAdministrative": "331000000",
            "researchAndDevelopment": "181000000",
            "operatingExpenses": "585000000",
            "investmentIncomeNet": "2000000",
            "netInterestIncome": "-46000000",
            "interestIncome": "2000000",
            "interestExpense": "46000000",
            "nonInterestIncome": "1946000000",
            "otherNonOperatingIncome": "14000000",
            "depreciation": "52000000",
            "depreciationAndAmortization": "61000000",
            "incomeBeforeTax": "339000000",
            "incomeTaxExpense": "46000000",
            "interestAndDebtExpense": "64000000",
            "netIncomeFromContinuingOperations": "294000000",
            "comprehensiveIncomeNetOfTax": "315000000",
            "ebit": "385000000",
            "ebitda": "446000000",
            "netIncome": "293000000"
        },
        {
            "fiscalDateEnding": "2021-03-31",
            "reportedCurrency": "USD",
            "grossProfit": "860000000",
            "totalRevenue": "1724000000",
            "costOfRevenue": "1293000000",
            "costofGoodsAndServicesSold": "913000000",
            "operatingIncome": "298000000",
            "sellingGeneralAndAdministrative": "303000000",
            "researchAndDevelopment": "180000000",
            "operatingExpenses": "560000000",
            "investmentIncomeNet": "2000000",
            "netInterestIncome": "-56000000",
            "interestIncome": "2000000",
            "interestExpense": "56000000",
            "nonInterestIncome": "1779000000",
            "otherNonOperatingIncome": "45000000",
            "depreciation": "52000000",
            "depreciationAndAmortization": "61000000",
            "incomeBeforeTax": "288000000",
            "incomeTaxExpense": "44000000",
            "interestAndDebtExpense": "56000000",
            "netIncomeFromContinuingOperations": "245000000",
            "comprehensiveIncomeNetOfTax": "280000000",
            "ebit": "344000000",
            "ebitda": "405000000",
            "netIncome": "244000000"
        },
        {
            "fiscalDateEnding": "2020-12-31",
            "reportedCurrency": "USD",
            "grossProfit": "1146000000",
            "totalRevenue": "2273000000",
            "costOfRevenue": "1470000000",
            "costofGoodsAndServicesSold": "1127000000",
            "operatingIncome": "555000000",
            "sellingGeneralAndAdministrative": "343000000",
            "researchAndDevelopment": "182000000",
            "operatingExpenses": "525000000",
            "investmentIncomeNet": "5000000",
            "netInterestIncome": "-58000000",
            "interestIncome": "54000000",
            "interestExpense": "58000000",
            "nonInterestIncome": "2273000000",
            "otherNonOperatingIncome": "21000000",
            "depreciation": "52000000",
            "depreciationAndAmortization": "59000000",
            "incomeBeforeTax": "521000000",
            "incomeTaxExpense": "109000000",
            "interestAndDebtExpense": "58000000",
            "netIncomeFromContinuingOperations": "555000000",
            "comprehensiveIncomeNetOfTax": "399000000",
            "ebit": "579000000",
            "ebitda": "638000000",
            "netIncome": "412000000"
        },
        {
            "fiscalDateEnding": "2020-09-30",
            "reportedCurrency": "USD",
            "grossProfit": "909000000",
            "totalRevenue": "1801000000",
            "costOfRevenue": "1342000000",
            "costofGoodsAndServicesSold": "959000000",
            "operatingIncome": "352000000",
            "sellingGeneralAndAdministrative": "313000000",
            "researchAndDevelopment": "175000000",
            "operatingExpenses": "558000000",
            "investmentIncomeNet": "2000000",
            "netInterestIncome": "-60000000",
            "interestIncome": "67000000",
            "interestExpense": "60000000",
            "nonInterestIncome": "1859000000",
            "otherNonOperatingIncome": "-42000000",
            "depreciation": "49000000",
            "depreciationAndAmortization": "57000000",
            "incomeBeforeTax": "250000000",
            "incomeTaxExpense": "45000000",
            "interestAndDebtExpense": "60000000",
            "netIncomeFromContinuingOperations": "206000000",
            "comprehensiveIncomeNetOfTax": "247000000",
            "ebit": "310000000",
            "ebitda": "367000000",
            "netIncome": "205000000"
        },
        {
            "fiscalDateEnding": "2020-06-30",
            "reportedCurrency": "USD",
            "grossProfit": "766000000",
            "totalRevenue": "1554000000",
            "costOfRevenue": "1244000000",
            "costofGoodsAndServicesSold": "852000000",
            "operatingIncome": "218000000",
            "sellingGeneralAndAdministrative": "297000000",
            "researchAndDevelopment": "161000000",
            "operatingExpenses": "560000000",
            "investmentIncomeNet": "2000000",
            "netInterestIncome": "-60000000",
            "interestIncome": "2000000",
            "interestExpense": "60000000",
            "nonInterestIncome": "1613000000",
            "otherNonOperatingIncome": "16000000",
            "depreciation": "47000000",
            "depreciationAndAmortization": "54000000",
            "incomeBeforeTax": "175000000",
            "incomeTaxExpense": "40000000",
            "interestAndDebtExpense": "60000000",
            "netIncomeFromContinuingOperations": "136000000",
            "comprehensiveIncomeNetOfTax": "226000000",
            "ebit": "235000000",
            "ebitda": "289000000",
            "netIncome": "135000000"
        },
        {
            "fiscalDateEnding": "2020-03-31",
            "reportedCurrency": "USD",
            "grossProfit": "787000000",
            "totalRevenue": "1654000000",
            "costOfRevenue": "1283000000",
            "costofGoodsAndServicesSold": "868000000",
            "operatingIncome": "259000000",
            "sellingGeneralAndAdministrative": "341000000",
            "researchAndDevelopment": "168000000",
            "operatingExpenses": "546000000",
            "investmentIncomeNet": "3000000",
            "netInterestIncome": "-55000000",
            "interestIncome": "3000000",
            "interestExpense": "55000000",
            "nonInterestIncome": "1708000000",
            "otherNonOperatingIncome": "17000000",
            "depreciation": "46000000",
            "depreciationAndAmortization": "56000000",
            "incomeBeforeTax": "223000000",
            "incomeTaxExpense": "26000000",
            "interestAndDebtExpense": "55000000",
            "netIncomeFromContinuingOperations": "198000000",
            "comprehensiveIncomeNetOfTax": "71000000",
            "ebit": "278000000",
            "ebitda": "334000000",
            "netIncome": "197000000"
        },
        {
            "fiscalDateEnding": "2019-12-31",
            "reportedCurrency": "USD",
            "grossProfit": "1220000000",
            "totalRevenue": "2377000000",
            "costOfRevenue": "1525000000",
            "costofGoodsAndServicesSold": "1157000000",
            "operatingIncome": "590000000",
            "sellingGeneralAndAdministrative": "368000000",
            "researchAndDevelopment": "182000000",
            "operatingExpenses": "550000000",
            "investmentIncomeNet": "4000000",
            "netInterestIncome": "-59000000",
            "interestIncome": "4000000",
            "interestExpense": "59000000",
            "nonInterestIncome": "2377000000",
            "otherNonOperatingIncome": "-343000000",
            "depreciation": "50000000",
            "depreciationAndAmortization": "57000000",
            "incomeBeforeTax": "194000000",
            "incomeTaxExpense": "-50000000",
            "interestAndDebtExpense": "109000000",
            "netIncomeFromContinuingOperations": "590000000",
            "comprehensiveIncomeNetOfTax": "562000000",
            "ebit": "253000000",
            "ebitda": "310000000",
            "netIncome": "244000000"
        },
        {
            "fiscalDateEnding": "2019-09-30",
            "reportedCurrency": "USD",
            "grossProfit": "1007000000",
            "totalRevenue": "1911000000",
            "costOfRevenue": "1419000000",
            "costofGoodsAndServicesSold": "987000000",
            "operatingIncome": "413000000",
            "sellingGeneralAndAdministrative": "359000000",
            "researchAndDevelopment": "172000000",
            "operatingExpenses": "599000000",
            "investmentIncomeNet": "6000000",
            "netInterestIncome": "-60000000",
            "interestIncome": "6000000",
            "interestExpense": "60000000",
            "nonInterestIncome": "1970000000",
            "otherNonOperatingIncome": "-11000000",
            "depreciation": "47000000",
            "depreciationAndAmortization": "55000000",
            "incomeBeforeTax": "347000000",
            "incomeTaxExpense": "80000000",
            "interestAndDebtExpense": "60000000",
            "netIncomeFromContinuingOperations": "268000000",
            "comprehensiveIncomeNetOfTax": "245000000",
            "ebit": "407000000",
            "ebitda": "462000000",
            "netIncome": "267000000"
        },
        {
            "fiscalDateEnding": "2019-06-30",
            "reportedCurrency": "USD",
            "grossProfit": "931000000",
            "totalRevenue": "1765000000",
            "costOfRevenue": "1347000000",
            "costofGoodsAndServicesSold": "929000000",
            "operatingIncome": "349000000",
            "sellingGeneralAndAdministrative": "351000000",
            "researchAndDevelopment": "170000000",
            "operatingExpenses": "589000000",
            "investmentIncomeNet": "3000000",
            "netInterestIncome": "-59000000",
            "interestIncome": "3000000",
            "interestExpense": "59000000",
            "nonInterestIncome": "1823000000",
            "otherNonOperatingIncome": "-21000000",
            "depreciation": "44000000",
            "depreciationAndAmortization": "55000000",
            "incomeBeforeTax": "274000000",
            "incomeTaxExpense": "67000000",
            "interestAndDebtExpense": "102000000",
            "netIncomeFromContinuingOperations": "208000000",
            "comprehensiveIncomeNetOfTax": "194000000",
            "ebit": "333000000",
            "ebitda": "388000000",
            "netIncome": "207000000"
        },
        {
            "fiscalDateEnding": "2019-03-31",
            "reportedCurrency": "USD",
            "grossProfit": "773000000",
            "totalRevenue": "1588000000",
            "costOfRevenue": "1269000000",
            "costofGoodsAndServicesSold": "884000000",
            "operatingIncome": "229000000",
            "sellingGeneralAndAdministrative": "327000000",
            "researchAndDevelopment": "162000000",
            "operatingExpenses": "546000000",
            "investmentIncomeNet": "5000000",
            "netInterestIncome": "-60000000",
            "interestIncome": "5000000",
            "interestExpense": "60000000",
            "nonInterestIncome": "1648000000",
            "otherNonOperatingIncome": "10000000",
            "depreciation": "45000000",
            "depreciationAndAmortization": "50000000",
            "incomeBeforeTax": "184000000",
            "incomeTaxExpense": "33000000",
            "interestAndDebtExpense": "60000000",
            "netIncomeFromContinuingOperations": "152000000",
            "comprehensiveIncomeNetOfTax": "192000000",
            "ebit": "244000000",
            "ebitda": "294000000",
            "netIncome": "151000000"
        },
        {
            "fiscalDateEnding": "2018-12-31",
            "reportedCurrency": "USD",
            "grossProfit": "1088000000",
            "totalRevenue": "2254000000",
            "costOfRevenue": "1166000000",
            "costofGoodsAndServicesSold": "1166000000",
            "operatingIncome": "516000000",
            "sellingGeneralAndAdministrative": "337000000",
            "researchAndDevelopment": "165000000",
            "operatingExpenses": "572000000",
            "investmentIncomeNet": "3000000",
            "netInterestIncome": "-62000000",
            "interestIncome": "None",
            "interestExpense": "62000000",
            "nonInterestIncome": "2254000000",
            "otherNonOperatingIncome": "8000000",
            "depreciation": "45000000",
            "depreciationAndAmortization": "48000000",
            "incomeBeforeTax": "465000000",
            "incomeTaxExpense": "42000000",
            "interestAndDebtExpense": "62000000",
            "netIncomeFromContinuingOperations": "516000000",
            "comprehensiveIncomeNetOfTax": "228000000",
            "ebit": "527000000",
            "ebitda": "575000000",
            "netIncome": "423000000"
        },
        {
            "fiscalDateEnding": "2018-09-30",
            "reportedCurrency": "USD",
            "grossProfit": "901000000",
            "totalRevenue": "1862000000",
            "costOfRevenue": "961000000",
            "costofGoodsAndServicesSold": "961000000",
            "operatingIncome": "294000000",
            "sellingGeneralAndAdministrative": "323000000",
            "researchAndDevelopment": "158000000",
            "operatingExpenses": "554000000",
            "investmentIncomeNet": "3000000",
            "netInterestIncome": "-62000000",
            "interestIncome": "None",
            "interestExpense": "62000000",
            "nonInterestIncome": "1862000000",
            "otherNonOperatingIncome": "29000000",
            "depreciation": "43000000",
            "depreciationAndAmortization": "46000000",
            "incomeBeforeTax": "269000000",
            "incomeTaxExpense": "22000000",
            "interestAndDebtExpense": "56000000",
            "netIncomeFromContinuingOperations": "248000000",
            "comprehensiveIncomeNetOfTax": "256000000",
            "ebit": "331000000",
            "ebitda": "377000000",
            "netIncome": "247000000"
        },
        {
            "fiscalDateEnding": "2018-06-30",
            "reportedCurrency": "USD",
            "grossProfit": "822000000",
            "totalRevenue": "1760000000",
            "costOfRevenue": "938000000",
            "costofGoodsAndServicesSold": "938000000",
            "operatingIncome": "273000000",
            "sellingGeneralAndAdministrative": "316000000",
            "researchAndDevelopment": "162000000",
            "operatingExpenses": "556000000",
            "investmentIncomeNet": "5000000",
            "netInterestIncome": "-63000000",
            "interestIncome": "None",
            "interestExpense": "63000000",
            "nonInterestIncome": "1752000000",
            "otherNonOperatingIncome": "13000000",
            "depreciation": "43000000",
            "depreciationAndAmortization": "53000000",
            "incomeBeforeTax": "226000000",
            "incomeTaxExpense": "46000000",
            "interestAndDebtExpense": "63000000",
            "netIncomeFromContinuingOperations": "181000000",
            "comprehensiveIncomeNetOfTax": "108000000",
            "ebit": "289000000",
            "ebitda": "342000000",
            "netIncome": "180000000"
        },
        {
            "fiscalDateEnding": "2018-03-31",
            "reportedCurrency": "USD",
            "grossProfit": "669000000",
            "totalRevenue": "1468000000",
            "costOfRevenue": "799000000",
            "costofGoodsAndServicesSold": "799000000",
            "operatingIncome": "171000000",
            "sellingGeneralAndAdministrative": "279000000",
            "researchAndDevelopment": "152000000",
            "operatingExpenses": "486000000",
            "investmentIncomeNet": "8000000",
            "netInterestIncome": "-54000000",
            "interestIncome": "None",
            "interestExpense": "54000000",
            "nonInterestIncome": "-15000000",
            "otherNonOperatingIncome": "4000000",
            "depreciation": "41000000",
            "depreciationAndAmortization": "41000000",
            "incomeBeforeTax": "140000000",
            "incomeTaxExpense": "23000000",
            "interestAndDebtExpense": "54000000",
            "netIncomeFromContinuingOperations": "117000000",
            "comprehensiveIncomeNetOfTax": "171000000",
            "ebit": "194000000",
            "ebitda": "235000000",
            "netIncome": "117000000"
        }
    ]
}