{
    "symbol": "NOC",
    "annualReports": [
        {
            "fiscalDateEnding": "2022-12-31",
            "reportedCurrency": "USD",
            "grossProfit": "32487000000",
            "totalRevenue": "36602000000",
            "costOfRevenue": "4115000000",
            "costofGoodsAndServicesSold": "45000000",
            "operatingIncome": "3601000000",
            "sellingGeneralAndAdministrative": "3873000000",
            "researchAndDevelopment": "1200000000",
            "operatingExpenses": "33001000000",
            "investmentIncomeNet": "None",
            "netInterestIncome": "-506000000",
            "interestIncome": "506000000",
            "interestExpense": "506000000",
            "nonInterestIncome": "0",
            "otherNonOperatingIncome": "4000000",
            "depreciation": "None",
            "depreciationAndAmortization": "197000000",
            "incomeBeforeTax": "5836000000",
            "incomeTaxExpense": "940000000",
            "interestAndDebtExpense": "506000000",
            "netIncomeFromContinuingOperations": "4896000000",
            "comprehensiveIncomeNetOfTax": "4886000000",
            "ebit": "3601000000",
            "ebitda": "3798000000",
            "netIncome": "4896000000"
        },
        {
            "fiscalDateEnding": "2021-12-31",
            "reportedCurrency": "USD",
            "grossProfit": "30893000000",
            "totalRevenue": "35667000000",
            "costOfRevenue": "4774000000",
            "costofGoodsAndServicesSold": "28399000000",
            "operatingIncome": "5651000000",
            "sellingGeneralAndAdministrative": "3597000000",
            "researchAndDevelopment": "1100000000",
            "operatingExpenses": "31996000000",
            "investmentIncomeNet": "None",
            "netInterestIncome": "-556000000",
            "interestIncome": "556000000",
            "interestExpense": "556000000",
            "nonInterestIncome": "1980000000",
            "otherNonOperatingIncome": "19000000",
            "depreciation": "None",
            "depreciationAndAmortization": "1177000000",
            "incomeBeforeTax": "8938000000",
            "incomeTaxExpense": "1933000000",
            "interestAndDebtExpense": "556000000",
            "netIncomeFromContinuingOperations": "7005000000",
            "comprehensiveIncomeNetOfTax": "6990000000",
            "ebit": "5651000000",
            "ebitda": "6828000000",
            "netIncome": "7005000000"
        },
        {
            "fiscalDateEnding": "2020-12-31",
            "reportedCurrency": "USD",
            "grossProfit": "32119000000",
            "totalRevenue": "36799000000",
            "costOfRevenue": "4680000000",
            "costofGoodsAndServicesSold": "29321000000",
            "operatingIncome": "4065000000",
            "sellingGeneralAndAdministrative": "3413000000",
            "researchAndDevelopment": "1100000000",
            "operatingExpenses": "32734000000",
            "investmentIncomeNet": "None",
            "netInterestIncome": "-593000000",
            "interestIncome": "593000000",
            "interestExpense": "593000000",
            "nonInterestIncome": "0",
            "otherNonOperatingIncome": "92000000",
            "depreciation": "None",
            "depreciationAndAmortization": "1267000000",
            "incomeBeforeTax": "3728000000",
            "incomeTaxExpense": "539000000",
            "interestAndDebtExpense": "593000000",
            "netIncomeFromContinuingOperations": "3189000000",
            "comprehensiveIncomeNetOfTax": "3158000000",
            "ebit": "4065000000",
            "ebitda": "5332000000",
            "netIncome": "3189000000"
        },
        {
            "fiscalDateEnding": "2019-12-31",
            "reportedCurrency": "USD",
            "grossProfit": "30219000000",
            "totalRevenue": "33841000000",
            "costOfRevenue": "3622000000",
            "costofGoodsAndServicesSold": "26582000000",
            "operatingIncome": "3969000000",
            "sellingGeneralAndAdministrative": "3290000000",
            "researchAndDevelopment": "953000000",
            "operatingExpenses": "29872000000",
            "investmentIncomeNet": "None",
            "netInterestIncome": "-528000000",
            "interestIncome": "528000000",
            "interestExpense": "528000000",
            "nonInterestIncome": "0",
            "otherNonOperatingIncome": "107000000",
            "depreciation": "None",
            "depreciationAndAmortization": "332000000",
            "incomeBeforeTax": "2548000000",
            "incomeTaxExpense": "300000000",
            "interestAndDebtExpense": "528000000",
            "netIncomeFromContinuingOperations": "2248000000",
            "comprehensiveIncomeNetOfTax": "2203000000",
            "ebit": "3969000000",
            "ebitda": "4301000000",
            "netIncome": "2248000000"
        },
        {
            "fiscalDateEnding": "2018-12-31",
            "reportedCurrency": "USD",
            "grossProfit": "26852000000",
            "totalRevenue": "30095000000",
            "costOfRevenue": "3243000000",
            "costofGoodsAndServicesSold": "23304000000",
            "operatingIncome": "3780000000",
            "sellingGeneralAndAdministrative": "3011000000",
            "researchAndDevelopment": "764000000",
            "operatingExpenses": "4007000000",
            "investmentIncomeNet": "None",
            "netInterestIncome": "-562000000",
            "interestIncome": "562000000",
            "interestExpense": "562000000",
            "nonInterestIncome": "None",
            "otherNonOperatingIncome": "130000000",
            "depreciation": "None",
            "depreciationAndAmortization": "203000000",
            "incomeBeforeTax": "3742000000",
            "incomeTaxExpense": "513000000",
            "interestAndDebtExpense": "562000000",
            "netIncomeFromContinuingOperations": "3229000000",
            "comprehensiveIncomeNetOfTax": "3155000000",
            "ebit": "3780000000",
            "ebitda": "3983000000",
            "netIncome": "3229000000"
        }
    ],
    "quarterlyReports": [
        {
            "fiscalDateEnding": "2022-12-31",
            "reportedCurrency": "USD",
            "grossProfit": "8873000000",
            "totalRevenue": "10033000000",
            "costOfRevenue": "1160000000",
            "costofGoodsAndServicesSold": "8209000000",
            "operatingIncome": "906000000",
            "sellingGeneralAndAdministrative": "918000000",
            "researchAndDevelopment": "None",
            "operatingExpenses": "9127000000",
            "investmentIncomeNet": "None",
            "netInterestIncome": "-120000000",
            "interestIncome": "120000000",
            "interestExpense": "120000000",
            "nonInterestIncome": "0",
            "otherNonOperatingIncome": "58000000",
            "depreciation": "None",
            "depreciationAndAmortization": "382000000",
            "incomeBeforeTax": "2452000000",
            "incomeTaxExpense": "372000000",
            "interestAndDebtExpense": "120000000",
            "netIncomeFromContinuingOperations": "2080000000",
            "comprehensiveIncomeNetOfTax": "2093000000",
            "ebit": "906000000",
            "ebitda": "2954000000",
            "netIncome": "2080000000"
        },
        {
            "fiscalDateEnding": "2022-09-30",
            "reportedCurrency": "USD",
            "grossProfit": "7997000000",
            "totalRevenue": "8971000000",
            "costOfRevenue": "974000000",
            "costofGoodsAndServicesSold": "7153000000",
            "operatingIncome": "844000000",
            "sellingGeneralAndAdministrative": "974000000",
            "researchAndDevelopment": "None",
            "operatingExpenses": "8127000000",
            "investmentIncomeNet": "None",
            "netInterestIncome": "-122000000",
            "interestIncome": "122000000",
            "interestExpense": "122000000",
            "nonInterestIncome": "0",
            "otherNonOperatingIncome": "-8000000",
            "depreciation": "None",
            "depreciationAndAmortization": "327000000",
            "incomeBeforeTax": "1090000000",
            "incomeTaxExpense": "175000000",
            "interestAndDebtExpense": "122000000",
            "netIncomeFromContinuingOperations": "915000000",
            "comprehensiveIncomeNetOfTax": "908000000",
            "ebit": "844000000",
            "ebitda": "1539000000",
            "netIncome": "915000000"
        },
        {
            "fiscalDateEnding": "2022-06-30",
            "reportedCurrency": "USD",
            "grossProfit": "7796000000",
            "totalRevenue": "8801000000",
            "costOfRevenue": "1005000000",
            "costofGoodsAndServicesSold": "6842000000",
            "operatingIncome": "954000000",
            "sellingGeneralAndAdministrative": "1005000000",
            "researchAndDevelopment": "None",
            "operatingExpenses": "7847000000",
            "investmentIncomeNet": "None",
            "netInterestIncome": "-131000000",
            "interestIncome": "131000000",
            "interestExpense": "131000000",
            "nonInterestIncome": "0",
            "otherNonOperatingIncome": "-50000000",
            "depreciation": "None",
            "depreciationAndAmortization": "330000000",
            "incomeBeforeTax": "1150000000",
            "incomeTaxExpense": "204000000",
            "interestAndDebtExpense": "131000000",
            "netIncomeFromContinuingOperations": "946000000",
            "comprehensiveIncomeNetOfTax": "933000000",
            "ebit": "954000000",
            "ebitda": "1611000000",
            "netIncome": "946000000"
        },
        {
            "fiscalDateEnding": "2022-03-31",
            "reportedCurrency": "USD",
            "grossProfit": "7821000000",
            "totalRevenue": "8797000000",
            "costOfRevenue": "976000000",
            "costofGoodsAndServicesSold": "6924000000",
            "operatingIncome": "897000000",
            "sellingGeneralAndAdministrative": "976000000",
            "researchAndDevelopment": "None",
            "operatingExpenses": "7900000000",
            "investmentIncomeNet": "None",
            "netInterestIncome": "-133000000",
            "interestIncome": "133000000",
            "interestExpense": "133000000",
            "nonInterestIncome": "0",
            "otherNonOperatingIncome": "4000000",
            "depreciation": "None",
            "depreciationAndAmortization": "303000000",
            "incomeBeforeTax": "1144000000",
            "incomeTaxExpense": "189000000",
            "interestAndDebtExpense": "133000000",
            "netIncomeFromContinuingOperations": "955000000",
            "comprehensiveIncomeNetOfTax": "952000000",
            "ebit": "897000000",
            "ebitda": "1580000000",
            "netIncome": "955000000"
        },
        {
            "fiscalDateEnding": "2021-12-31",
            "reportedCurrency": "USD",
            "grossProfit": "6653000000",
            "totalRevenue": "8639000000",
            "costOfRevenue": "1986000000",
            "costofGoodsAndServicesSold": "7088000000",
            "operatingIncome": "742000000",
            "sellingGeneralAndAdministrative": "809000000",
            "researchAndDevelopment": "None",
            "operatingExpenses": "7897000000",
            "investmentIncomeNet": "None",
            "netInterestIncome": "-133000000",
            "interestIncome": "133000000",
            "interestExpense": "133000000",
            "nonInterestIncome": "0",
            "otherNonOperatingIncome": "13000000",
            "depreciation": "None",
            "depreciationAndAmortization": "331000000",
            "incomeBeforeTax": "3345000000",
            "incomeTaxExpense": "635000000",
            "interestAndDebtExpense": "133000000",
            "netIncomeFromContinuingOperations": "2710000000",
            "comprehensiveIncomeNetOfTax": "2707000000",
            "ebit": "742000000",
            "ebitda": "3809000000",
            "netIncome": "2710000000"
        },
        {
            "fiscalDateEnding": "2021-09-30",
            "reportedCurrency": "USD",
            "grossProfit": "7829000000",
            "totalRevenue": "8720000000",
            "costOfRevenue": "891000000",
            "costofGoodsAndServicesSold": "6786000000",
            "operatingIncome": "1043000000",
            "sellingGeneralAndAdministrative": "891000000",
            "researchAndDevelopment": "None",
            "operatingExpenses": "7677000000",
            "investmentIncomeNet": "None",
            "netInterestIncome": "-132000000",
            "interestIncome": "132000000",
            "interestExpense": "132000000",
            "nonInterestIncome": "0",
            "otherNonOperatingIncome": "-3000000",
            "depreciation": "None",
            "depreciationAndAmortization": "314000000",
            "incomeBeforeTax": "1275000000",
            "incomeTaxExpense": "212000000",
            "interestAndDebtExpense": "132000000",
            "netIncomeFromContinuingOperations": "1063000000",
            "comprehensiveIncomeNetOfTax": "1055000000",
            "ebit": "1043000000",
            "ebitda": "1721000000",
            "netIncome": "1063000000"
        },
        {
            "fiscalDateEnding": "2021-06-30",
            "reportedCurrency": "USD",
            "grossProfit": "8152000000",
            "totalRevenue": "9151000000",
            "costOfRevenue": "999000000",
            "costofGoodsAndServicesSold": "7108000000",
            "operatingIncome": "1044000000",
            "sellingGeneralAndAdministrative": "999000000",
            "researchAndDevelopment": "None",
            "operatingExpenses": "8107000000",
            "investmentIncomeNet": "None",
            "netInterestIncome": "-136000000",
            "interestIncome": "136000000",
            "interestExpense": "136000000",
            "nonInterestIncome": "0",
            "otherNonOperatingIncome": "27000000",
            "depreciation": "None",
            "depreciationAndAmortization": "300000000",
            "incomeBeforeTax": "1302000000",
            "incomeTaxExpense": "265000000",
            "interestAndDebtExpense": "136000000",
            "netIncomeFromContinuingOperations": "1037000000",
            "comprehensiveIncomeNetOfTax": "1036000000",
            "ebit": "1044000000",
            "ebitda": "1738000000",
            "netIncome": "1037000000"
        },
        {
            "fiscalDateEnding": "2021-03-31",
            "reportedCurrency": "USD",
            "grossProfit": "8259000000",
            "totalRevenue": "9157000000",
            "costOfRevenue": "898000000",
            "costofGoodsAndServicesSold": "7417000000",
            "operatingIncome": "2822000000",
            "sellingGeneralAndAdministrative": "898000000",
            "researchAndDevelopment": "None",
            "operatingExpenses": "8315000000",
            "investmentIncomeNet": "None",
            "netInterestIncome": "-155000000",
            "interestIncome": "155000000",
            "interestExpense": "155000000",
            "nonInterestIncome": "1980000000",
            "otherNonOperatingIncome": "-18000000",
            "depreciation": "None",
            "depreciationAndAmortization": "294000000",
            "incomeBeforeTax": "3016000000",
            "incomeTaxExpense": "821000000",
            "interestAndDebtExpense": "155000000",
            "netIncomeFromContinuingOperations": "2195000000",
            "comprehensiveIncomeNetOfTax": "2192000000",
            "ebit": "2822000000",
            "ebitda": "3465000000",
            "netIncome": "2195000000"
        },
        {
            "fiscalDateEnding": "2020-12-31",
            "reportedCurrency": "USD",
            "grossProfit": "10212000000",
            "totalRevenue": "10212000000",
            "costOfRevenue": "2205000000",
            "costofGoodsAndServicesSold": "21199000000",
            "operatingIncome": "1152000000",
            "sellingGeneralAndAdministrative": "938000000",
            "researchAndDevelopment": "None",
            "operatingExpenses": "9060000000",
            "investmentIncomeNet": "None",
            "netInterestIncome": "-160000000",
            "interestIncome": "160000000",
            "interestExpense": "160000000",
            "nonInterestIncome": "0",
            "otherNonOperatingIncome": "56000000",
            "depreciation": "None",
            "depreciationAndAmortization": "345000000",
            "incomeBeforeTax": "305000000",
            "incomeTaxExpense": "-25000000",
            "interestAndDebtExpense": "160000000",
            "netIncomeFromContinuingOperations": "1152000000",
            "comprehensiveIncomeNetOfTax": "323000000",
            "ebit": "1152000000",
            "ebitda": "810000000",
            "netIncome": "330000000"
        },
        {
            "fiscalDateEnding": "2020-09-30",
            "reportedCurrency": "USD",
            "grossProfit": "8228000000",
            "totalRevenue": "9083000000",
            "costOfRevenue": "855000000",
            "costofGoodsAndServicesSold": "7243000000",
            "operatingIncome": "985000000",
            "sellingGeneralAndAdministrative": "855000000",
            "researchAndDevelopment": "None",
            "operatingExpenses": "8098000000",
            "investmentIncomeNet": "None",
            "netInterestIncome": "-154000000",
            "interestIncome": "154000000",
            "interestExpense": "154000000",
            "nonInterestIncome": "0",
            "otherNonOperatingIncome": "34000000",
            "depreciation": "None",
            "depreciationAndAmortization": "317000000",
            "incomeBeforeTax": "1167000000",
            "incomeTaxExpense": "181000000",
            "interestAndDebtExpense": "154000000",
            "netIncomeFromContinuingOperations": "986000000",
            "comprehensiveIncomeNetOfTax": "982000000",
            "ebit": "985000000",
            "ebitda": "1638000000",
            "netIncome": "986000000"
        },
        {
            "fiscalDateEnding": "2020-06-30",
            "reportedCurrency": "USD",
            "grossProfit": "8052000000",
            "totalRevenue": "8884000000",
            "costOfRevenue": "832000000",
            "costofGoodsAndServicesSold": "7058000000",
            "operatingIncome": "994000000",
            "sellingGeneralAndAdministrative": "832000000",
            "researchAndDevelopment": "None",
            "operatingExpenses": "7890000000",
            "investmentIncomeNet": "None",
            "netInterestIncome": "-154000000",
            "interestIncome": "154000000",
            "interestExpense": "154000000",
            "nonInterestIncome": "0",
            "otherNonOperatingIncome": "60000000",
            "depreciation": "None",
            "depreciationAndAmortization": "308000000",
            "incomeBeforeTax": "1203000000",
            "incomeTaxExpense": "198000000",
            "interestAndDebtExpense": "154000000",
            "netIncomeFromContinuingOperations": "1005000000",
            "comprehensiveIncomeNetOfTax": "1004000000",
            "ebit": "994000000",
            "ebitda": "1665000000",
            "netIncome": "1005000000"
        },
        {
            "fiscalDateEnding": "2020-03-31",
            "reportedCurrency": "USD",
            "grossProfit": "7832000000",
            "totalRevenue": "8620000000",
            "costOfRevenue": "788000000",
            "costofGoodsAndServicesSold": "6898000000",
            "operatingIncome": "934000000",
            "sellingGeneralAndAdministrative": "788000000",
            "researchAndDevelopment": "None",
            "operatingExpenses": "7686000000",
            "investmentIncomeNet": "None",
            "netInterestIncome": "-125000000",
            "interestIncome": "125000000",
            "interestExpense": "125000000",
            "nonInterestIncome": "0",
            "otherNonOperatingIncome": "-58000000",
            "depreciation": "None",
            "depreciationAndAmortization": "297000000",
            "incomeBeforeTax": "1053000000",
            "incomeTaxExpense": "185000000",
            "interestAndDebtExpense": "125000000",
            "netIncomeFromContinuingOperations": "868000000",
            "comprehensiveIncomeNetOfTax": "849000000",
            "ebit": "934000000",
            "ebitda": "1475000000",
            "netIncome": "868000000"
        },
        {
            "fiscalDateEnding": "2019-12-31",
            "reportedCurrency": "USD",
            "grossProfit": "8721000000",
            "totalRevenue": "8721000000",
            "costOfRevenue": "1302000000",
            "costofGoodsAndServicesSold": "6615000000",
            "operatingIncome": "1136000000",
            "sellingGeneralAndAdministrative": "970000000",
            "researchAndDevelopment": "None",
            "operatingExpenses": "27552000000",
            "investmentIncomeNet": "None",
            "netInterestIncome": "-130000000",
            "interestIncome": "130000000",
            "interestExpense": "130000000",
            "nonInterestIncome": "None",
            "otherNonOperatingIncome": "25000000",
            "depreciation": "None",
            "depreciationAndAmortization": "281000000",
            "incomeBeforeTax": "-569000000",
            "incomeTaxExpense": "-160000000",
            "interestAndDebtExpense": "130000000",
            "netIncomeFromContinuingOperations": "1136000000",
            "comprehensiveIncomeNetOfTax": "-419000000",
            "ebit": "1136000000",
            "ebitda": "-158000000",
            "netIncome": "-409000000"
        },
        {
            "fiscalDateEnding": "2019-09-30",
            "reportedCurrency": "USD",
            "grossProfit": "7699000000",
            "totalRevenue": "8475000000",
            "costOfRevenue": "776000000",
            "costofGoodsAndServicesSold": "6748000000",
            "operatingIncome": "951000000",
            "sellingGeneralAndAdministrative": "776000000",
            "researchAndDevelopment": "None",
            "operatingExpenses": "776000000",
            "investmentIncomeNet": "None",
            "netInterestIncome": "-123000000",
            "interestIncome": "123000000",
            "interestExpense": "123000000",
            "nonInterestIncome": "None",
            "otherNonOperatingIncome": "27000000",
            "depreciation": "None",
            "depreciationAndAmortization": "258000000",
            "incomeBeforeTax": "1055000000",
            "incomeTaxExpense": "122000000",
            "interestAndDebtExpense": "123000000",
            "netIncomeFromContinuingOperations": "933000000",
            "comprehensiveIncomeNetOfTax": "921000000",
            "ebit": "951000000",
            "ebitda": "1436000000",
            "netIncome": "933000000"
        },
        {
            "fiscalDateEnding": "2019-06-30",
            "reportedCurrency": "USD",
            "grossProfit": "7672000000",
            "totalRevenue": "8456000000",
            "costOfRevenue": "784000000",
            "costofGoodsAndServicesSold": "6726000000",
            "operatingIncome": "946000000",
            "sellingGeneralAndAdministrative": "784000000",
            "researchAndDevelopment": "None",
            "operatingExpenses": "784000000",
            "investmentIncomeNet": "None",
            "netInterestIncome": "-137000000",
            "interestIncome": "137000000",
            "interestExpense": "137000000",
            "nonInterestIncome": "None",
            "otherNonOperatingIncome": "19000000",
            "depreciation": "None",
            "depreciationAndAmortization": "245000000",
            "incomeBeforeTax": "1028000000",
            "incomeTaxExpense": "167000000",
            "interestAndDebtExpense": "137000000",
            "netIncomeFromContinuingOperations": "861000000",
            "comprehensiveIncomeNetOfTax": "845000000",
            "ebit": "946000000",
            "ebitda": "1410000000",
            "netIncome": "861000000"
        },
        {
            "fiscalDateEnding": "2019-03-31",
            "reportedCurrency": "USD",
            "grossProfit": "7429000000",
            "totalRevenue": "8189000000",
            "costOfRevenue": "760000000",
            "costofGoodsAndServicesSold": "6493000000",
            "operatingIncome": "936000000",
            "sellingGeneralAndAdministrative": "760000000",
            "researchAndDevelopment": "None",
            "operatingExpenses": "760000000",
            "investmentIncomeNet": "None",
            "netInterestIncome": "-138000000",
            "interestIncome": "138000000",
            "interestExpense": "138000000",
            "nonInterestIncome": "None",
            "otherNonOperatingIncome": "36000000",
            "depreciation": "None",
            "depreciationAndAmortization": "234000000",
            "incomeBeforeTax": "1034000000",
            "incomeTaxExpense": "171000000",
            "interestAndDebtExpense": "138000000",
            "netIncomeFromContinuingOperations": "863000000",
            "comprehensiveIncomeNetOfTax": "856000000",
            "ebit": "936000000",
            "ebitda": "1406000000",
            "netIncome": "863000000"
        },
        {
            "fiscalDateEnding": "2018-12-31",
            "reportedCurrency": "USD",
            "grossProfit": "8156000000",
            "totalRevenue": "8156000000",
            "costOfRevenue": "830000000",
            "costofGoodsAndServicesSold": "6487000000",
            "operatingIncome": "943000000",
            "sellingGeneralAndAdministrative": "744000000",
            "researchAndDevelopment": "764000000",
            "operatingExpenses": "1594000000",
            "investmentIncomeNet": "None",
            "netInterestIncome": "None",
            "interestIncome": "None",
            "interestExpense": "142000000",
            "nonInterestIncome": "None",
            "otherNonOperatingIncome": "-10000000",
            "depreciation": "None",
            "depreciationAndAmortization": "86000000",
            "incomeBeforeTax": "403000000",
            "incomeTaxExpense": "47000000",
            "interestAndDebtExpense": "142000000",
            "netIncomeFromContinuingOperations": "943000000",
            "comprehensiveIncomeNetOfTax": "336000000",
            "ebit": "943000000",
            "ebitda": "1029000000",
            "netIncome": "356000000"
        },
        {
            "fiscalDateEnding": "2018-09-30",
            "reportedCurrency": "USD",
            "grossProfit": "7179000000",
            "totalRevenue": "8085000000",
            "costOfRevenue": "906000000",
            "costofGoodsAndServicesSold": "6090000000",
            "operatingIncome": "1172000000",
            "sellingGeneralAndAdministrative": "817000000",
            "researchAndDevelopment": "None",
            "operatingExpenses": "906000000",
            "investmentIncomeNet": "None",
            "netInterestIncome": "None",
            "interestIncome": "None",
            "interestExpense": "133000000",
            "nonInterestIncome": "None",
            "otherNonOperatingIncome": "55000000",
            "depreciation": "None",
            "depreciationAndAmortization": "89000000",
            "incomeBeforeTax": "1364000000",
            "incomeTaxExpense": "120000000",
            "interestAndDebtExpense": "133000000",
            "netIncomeFromContinuingOperations": "1144000000",
            "comprehensiveIncomeNetOfTax": "1226000000",
            "ebit": "1172000000",
            "ebitda": "1261000000",
            "netIncome": "1244000000"
        },
        {
            "fiscalDateEnding": "2018-06-30",
            "reportedCurrency": "USD",
            "grossProfit": "776000000",
            "totalRevenue": "7119000000",
            "costOfRevenue": "6343000000",
            "costofGoodsAndServicesSold": "5557000000",
            "operatingIncome": "817000000",
            "sellingGeneralAndAdministrative": "739000000",
            "researchAndDevelopment": "None",
            "operatingExpenses": "786000000",
            "investmentIncomeNet": "None",
            "netInterestIncome": "None",
            "interestIncome": "None",
            "interestExpense": "144000000",
            "nonInterestIncome": "None",
            "otherNonOperatingIncome": "45000000",
            "depreciation": "None",
            "depreciationAndAmortization": "24000000",
            "incomeBeforeTax": "976000000",
            "incomeTaxExpense": "187000000",
            "interestAndDebtExpense": "144000000",
            "netIncomeFromContinuingOperations": "689000000",
            "comprehensiveIncomeNetOfTax": "771000000",
            "ebit": "817000000",
            "ebitda": "841000000",
            "netIncome": "789000000"
        },
        {
            "fiscalDateEnding": "2018-03-31",
            "reportedCurrency": "USD",
            "grossProfit": "854000000",
            "totalRevenue": "6735000000",
            "costOfRevenue": "5881000000",
            "costofGoodsAndServicesSold": "5170000000",
            "operatingIncome": "848000000",
            "sellingGeneralAndAdministrative": "711000000",
            "researchAndDevelopment": "None",
            "operatingExpenses": "711000000",
            "investmentIncomeNet": "None",
            "netInterestIncome": "None",
            "interestIncome": "None",
            "interestExpense": "143000000",
            "nonInterestIncome": "None",
            "otherNonOperatingIncome": "40000000",
            "depreciation": "None",
            "depreciationAndAmortization": "4000000",
            "incomeBeforeTax": "999000000",
            "incomeTaxExpense": "159000000",
            "interestAndDebtExpense": "143000000",
            "netIncomeFromContinuingOperations": "739000000",
            "comprehensiveIncomeNetOfTax": "822000000",
            "ebit": "848000000",
            "ebitda": "852000000",
            "netIncome": "840000000"
        }
    ]
}