{
    "symbol": "NOW",
    "annualReports": [
        {
            "fiscalDateEnding": "2022-12-31",
            "reportedCurrency": "USD",
            "grossProfit": "5672000000",
            "totalRevenue": "7245000000",
            "costOfRevenue": "1573000000",
            "costofGoodsAndServicesSold": "1573000000",
            "operatingIncome": "355000000",
            "sellingGeneralAndAdministrative": "3549000000",
            "researchAndDevelopment": "1768000000",
            "operatingExpenses": "5317000000",
            "investmentIncomeNet": "None",
            "netInterestIncome": "-27000000",
            "interestIncome": "27000000",
            "interestExpense": "27000000",
            "nonInterestIncome": "7245000000",
            "otherNonOperatingIncome": "71000000",
            "depreciation": "261000000",
            "depreciationAndAmortization": "439000000",
            "incomeBeforeTax": "399000000",
            "incomeTaxExpense": "74000000",
            "interestAndDebtExpense": "27000000",
            "netIncomeFromContinuingOperations": "325000000",
            "comprehensiveIncomeNetOfTax": "189000000",
            "ebit": "426000000",
            "ebitda": "865000000",
            "netIncome": "325000000"
        },
        {
            "fiscalDateEnding": "2021-12-31",
            "reportedCurrency": "USD",
            "grossProfit": "4543000000",
            "totalRevenue": "5896000000",
            "costOfRevenue": "1353000000",
            "costofGoodsAndServicesSold": "1353000000",
            "operatingIncome": "257000000",
            "sellingGeneralAndAdministrative": "2889000000",
            "researchAndDevelopment": "1397000000",
            "operatingExpenses": "4286000000",
            "investmentIncomeNet": "None",
            "netInterestIncome": "-28000000",
            "interestIncome": "28000000",
            "interestExpense": "28000000",
            "nonInterestIncome": "5893000000",
            "otherNonOperatingIncome": "20000000",
            "depreciation": "312000000",
            "depreciationAndAmortization": "370000000",
            "incomeBeforeTax": "249000000",
            "incomeTaxExpense": "19000000",
            "interestAndDebtExpense": "31000000",
            "netIncomeFromContinuingOperations": "230000000",
            "comprehensiveIncomeNetOfTax": "170000000",
            "ebit": "277000000",
            "ebitda": "647000000",
            "netIncome": "230000000"
        },
        {
            "fiscalDateEnding": "2020-12-31",
            "reportedCurrency": "USD",
            "grossProfit": "3532000000",
            "totalRevenue": "4519000000",
            "costOfRevenue": "987000000",
            "costofGoodsAndServicesSold": "987113000",
            "operatingIncome": "199000000",
            "sellingGeneralAndAdministrative": "2309181000",
            "researchAndDevelopment": "1024000000",
            "operatingExpenses": "3333000000",
            "investmentIncomeNet": "None",
            "netInterestIncome": "-32746000",
            "interestIncome": "254000",
            "interestExpense": "33000000",
            "nonInterestIncome": "4472873000",
            "otherNonOperatingIncome": "-16000000",
            "depreciation": "225000000",
            "depreciationAndAmortization": "263631000",
            "incomeBeforeTax": "150000000",
            "incomeTaxExpense": "31000000",
            "interestAndDebtExpense": "79357000",
            "netIncomeFromContinuingOperations": "118503000",
            "comprehensiveIncomeNetOfTax": "188000000",
            "ebit": "183000000",
            "ebitda": "446631000",
            "netIncome": "119000000"
        },
        {
            "fiscalDateEnding": "2019-12-31",
            "reportedCurrency": "USD",
            "grossProfit": "2664000000",
            "totalRevenue": "3460000000",
            "costOfRevenue": "796000000",
            "costofGoodsAndServicesSold": "796645000",
            "operatingIncome": "42000000",
            "sellingGeneralAndAdministrative": "1873300000",
            "researchAndDevelopment": "749000000",
            "operatingExpenses": "2622000000",
            "investmentIncomeNet": "None",
            "netInterestIncome": "-33283000",
            "interestIncome": "-283000",
            "interestExpense": "33000000",
            "nonInterestIncome": "3460437000",
            "otherNonOperatingIncome": "58000000",
            "depreciation": "168000000",
            "depreciationAndAmortization": "202614000",
            "incomeBeforeTax": "67000000",
            "incomeTaxExpense": "-560000000",
            "interestAndDebtExpense": "33283000",
            "netIncomeFromContinuingOperations": "626698000",
            "comprehensiveIncomeNetOfTax": "656000000",
            "ebit": "100000000",
            "ebitda": "302614000",
            "netIncome": "627000000"
        },
        {
            "fiscalDateEnding": "2018-12-31",
            "reportedCurrency": "USD",
            "grossProfit": "1986158000",
            "totalRevenue": "2608816000",
            "costOfRevenue": "622658000",
            "costofGoodsAndServicesSold": "622658000",
            "operatingIncome": "-42426000",
            "sellingGeneralAndAdministrative": "1499083000",
            "researchAndDevelopment": "529501000",
            "operatingExpenses": "2028584000",
            "investmentIncomeNet": "None",
            "netInterestIncome": "-52733000",
            "interestIncome": "34624000",
            "interestExpense": "52733000",
            "nonInterestIncome": "2608816000",
            "otherNonOperatingIncome": "56135000",
            "depreciation": "123000000",
            "depreciationAndAmortization": "168558000",
            "incomeBeforeTax": "-39024000",
            "incomeTaxExpense": "-12320000",
            "interestAndDebtExpense": "52733000",
            "netIncomeFromContinuingOperations": "-26704000",
            "comprehensiveIncomeNetOfTax": "-29272000",
            "ebit": "13709000",
            "ebitda": "182267000",
            "netIncome": "-26704000"
        }
    ],
    "quarterlyReports": [
        {
            "fiscalDateEnding": "2023-03-31",
            "reportedCurrency": "USD",
            "grossProfit": "1658000000",
            "totalRevenue": "2096000000",
            "costOfRevenue": "438000000",
            "costofGoodsAndServicesSold": "438000000",
            "operatingIncome": "144000000",
            "sellingGeneralAndAdministrative": "1022000000",
            "researchAndDevelopment": "492000000",
            "operatingExpenses": "1514000000",
            "investmentIncomeNet": "None",
            "netInterestIncome": "60000000",
            "interestIncome": "60000000",
            "interestExpense": "None",
            "nonInterestIncome": "2096000000",
            "otherNonOperatingIncome": "-16000000",
            "depreciation": "81000000",
            "depreciationAndAmortization": "126000000",
            "incomeBeforeTax": "188000000",
            "incomeTaxExpense": "38000000",
            "interestAndDebtExpense": "None",
            "netIncomeFromContinuingOperations": "150000000",
            "comprehensiveIncomeNetOfTax": "182000000",
            "ebit": "144000000",
            "ebitda": "270000000",
            "netIncome": "150000000"
        },
        {
            "fiscalDateEnding": "2022-12-31",
            "reportedCurrency": "USD",
            "grossProfit": "1525000000",
            "totalRevenue": "1940000000",
            "costOfRevenue": "415000000",
            "costofGoodsAndServicesSold": "415000000",
            "operatingIncome": "155000000",
            "sellingGeneralAndAdministrative": "916000000",
            "researchAndDevelopment": "454000000",
            "operatingExpenses": "1370000000",
            "investmentIncomeNet": "None",
            "netInterestIncome": "-7000000",
            "interestIncome": "7000000",
            "interestExpense": "7000000",
            "nonInterestIncome": "1940000000",
            "otherNonOperatingIncome": "35000000",
            "depreciation": "76000000",
            "depreciationAndAmortization": "118000000",
            "incomeBeforeTax": "183000000",
            "incomeTaxExpense": "33000000",
            "interestAndDebtExpense": "7000000",
            "netIncomeFromContinuingOperations": "150000000",
            "comprehensiveIncomeNetOfTax": "220000000",
            "ebit": "190000000",
            "ebitda": "308000000",
            "netIncome": "150000000"
        },
        {
            "fiscalDateEnding": "2022-09-30",
            "reportedCurrency": "USD",
            "grossProfit": "1431000000",
            "totalRevenue": "1831000000",
            "costOfRevenue": "400000000",
            "costofGoodsAndServicesSold": "400000000",
            "operatingIncome": "91000000",
            "sellingGeneralAndAdministrative": "884000000",
            "researchAndDevelopment": "456000000",
            "operatingExpenses": "1340000000",
            "investmentIncomeNet": "None",
            "netInterestIncome": "-8000000",
            "interestIncome": "8000000",
            "interestExpense": "8000000",
            "nonInterestIncome": "1831000000",
            "otherNonOperatingIncome": "19000000",
            "depreciation": "66000000",
            "depreciationAndAmortization": "20000000",
            "incomeBeforeTax": "102000000",
            "incomeTaxExpense": "22000000",
            "interestAndDebtExpense": "8000000",
            "netIncomeFromContinuingOperations": "80000000",
            "comprehensiveIncomeNetOfTax": "8000000",
            "ebit": "110000000",
            "ebitda": "130000000",
            "netIncome": "80000000"
        },
        {
            "fiscalDateEnding": "2022-06-30",
            "reportedCurrency": "USD",
            "grossProfit": "1363000000",
            "totalRevenue": "1752000000",
            "costOfRevenue": "389000000",
            "costofGoodsAndServicesSold": "389000000",
            "operatingIncome": "22000000",
            "sellingGeneralAndAdministrative": "897000000",
            "researchAndDevelopment": "444000000",
            "operatingExpenses": "1341000000",
            "investmentIncomeNet": "None",
            "netInterestIncome": "-6000000",
            "interestIncome": "12000000",
            "interestExpense": "6000000",
            "nonInterestIncome": "1752000000",
            "otherNonOperatingIncome": "13000000",
            "depreciation": "61000000",
            "depreciationAndAmortization": "20000000",
            "incomeBeforeTax": "29000000",
            "incomeTaxExpense": "9000000",
            "interestAndDebtExpense": "6000000",
            "netIncomeFromContinuingOperations": "20000000",
            "comprehensiveIncomeNetOfTax": "-64000000",
            "ebit": "35000000",
            "ebitda": "55000000",
            "netIncome": "20000000"
        },
        {
            "fiscalDateEnding": "2022-03-31",
            "reportedCurrency": "USD",
            "grossProfit": "1353000000",
            "totalRevenue": "1722000000",
            "costOfRevenue": "369000000",
            "costofGoodsAndServicesSold": "369000000",
            "operatingIncome": "87000000",
            "sellingGeneralAndAdministrative": "852000000",
            "researchAndDevelopment": "414000000",
            "operatingExpenses": "1266000000",
            "investmentIncomeNet": "None",
            "netInterestIncome": "-6000000",
            "interestIncome": "6000000",
            "interestExpense": "6000000",
            "nonInterestIncome": "1722000000",
            "otherNonOperatingIncome": "-8000000",
            "depreciation": "58000000",
            "depreciationAndAmortization": "103000000",
            "incomeBeforeTax": "85000000",
            "incomeTaxExpense": "10000000",
            "interestAndDebtExpense": "6000000",
            "netIncomeFromContinuingOperations": "75000000",
            "comprehensiveIncomeNetOfTax": "25000000",
            "ebit": "91000000",
            "ebitda": "194000000",
            "netIncome": "75000000"
        },
        {
            "fiscalDateEnding": "2021-12-31",
            "reportedCurrency": "USD",
            "grossProfit": "1240000000",
            "totalRevenue": "1614000000",
            "costOfRevenue": "374000000",
            "costofGoodsAndServicesSold": "374000000",
            "operatingIncome": "35000000",
            "sellingGeneralAndAdministrative": "813000000",
            "researchAndDevelopment": "392000000",
            "operatingExpenses": "1205000000",
            "investmentIncomeNet": "None",
            "netInterestIncome": "-7000000",
            "interestIncome": "7000000",
            "interestExpense": "7000000",
            "nonInterestIncome": "1614000000",
            "otherNonOperatingIncome": "4000000",
            "depreciation": "80000000",
            "depreciationAndAmortization": "106000000",
            "incomeBeforeTax": "32000000",
            "incomeTaxExpense": "6000000",
            "interestAndDebtExpense": "7000000",
            "netIncomeFromContinuingOperations": "26000000",
            "comprehensiveIncomeNetOfTax": "12000000",
            "ebit": "39000000",
            "ebitda": "145000000",
            "netIncome": "26000000"
        },
        {
            "fiscalDateEnding": "2021-09-30",
            "reportedCurrency": "USD",
            "grossProfit": "1162000000",
            "totalRevenue": "1512000000",
            "costOfRevenue": "350000000",
            "costofGoodsAndServicesSold": "350000000",
            "operatingIncome": "74000000",
            "sellingGeneralAndAdministrative": "730000000",
            "researchAndDevelopment": "358000000",
            "operatingExpenses": "1088000000",
            "investmentIncomeNet": "None",
            "netInterestIncome": "-7000000",
            "interestIncome": "2000000",
            "interestExpense": "7000000",
            "nonInterestIncome": "1512000000",
            "otherNonOperatingIncome": "1000000",
            "depreciation": "83000000",
            "depreciationAndAmortization": "20000000",
            "incomeBeforeTax": "68000000",
            "incomeTaxExpense": "5000000",
            "interestAndDebtExpense": "7000000",
            "netIncomeFromContinuingOperations": "63000000",
            "comprehensiveIncomeNetOfTax": "41000000",
            "ebit": "75000000",
            "ebitda": "95000000",
            "netIncome": "63000000"
        },
        {
            "fiscalDateEnding": "2021-06-30",
            "reportedCurrency": "USD",
            "grossProfit": "1080000000",
            "totalRevenue": "1409000000",
            "costOfRevenue": "329000000",
            "costofGoodsAndServicesSold": "329000000",
            "operatingIncome": "51000000",
            "sellingGeneralAndAdministrative": "696000000",
            "researchAndDevelopment": "333000000",
            "operatingExpenses": "1029000000",
            "investmentIncomeNet": "None",
            "netInterestIncome": "-7000000",
            "interestIncome": "2000000",
            "interestExpense": "7000000",
            "nonInterestIncome": "1409000000",
            "otherNonOperatingIncome": "6000000",
            "depreciation": "78000000",
            "depreciationAndAmortization": "16000000",
            "incomeBeforeTax": "50000000",
            "incomeTaxExpense": "-9000000",
            "interestAndDebtExpense": "7000000",
            "netIncomeFromContinuingOperations": "59000000",
            "comprehensiveIncomeNetOfTax": "73000000",
            "ebit": "57000000",
            "ebitda": "73000000",
            "netIncome": "59000000"
        },
        {
            "fiscalDateEnding": "2021-03-31",
            "reportedCurrency": "USD",
            "grossProfit": "1061000000",
            "totalRevenue": "1360000000",
            "costOfRevenue": "299000000",
            "costofGoodsAndServicesSold": "299000000",
            "operatingIncome": "97000000",
            "sellingGeneralAndAdministrative": "650000000",
            "researchAndDevelopment": "314000000",
            "operatingExpenses": "964000000",
            "investmentIncomeNet": "None",
            "netInterestIncome": "-7000000",
            "interestIncome": "6000000",
            "interestExpense": "7000000",
            "nonInterestIncome": "1360000000",
            "otherNonOperatingIncome": "9000000",
            "depreciation": "71000000",
            "depreciationAndAmortization": "83000000",
            "incomeBeforeTax": "99000000",
            "incomeTaxExpense": "17000000",
            "interestAndDebtExpense": "7000000",
            "netIncomeFromContinuingOperations": "82000000",
            "comprehensiveIncomeNetOfTax": "44000000",
            "ebit": "106000000",
            "ebitda": "189000000",
            "netIncome": "82000000"
        },
        {
            "fiscalDateEnding": "2020-12-31",
            "reportedCurrency": "USD",
            "grossProfit": "971000000",
            "totalRevenue": "1250000000",
            "costOfRevenue": "279000000",
            "costofGoodsAndServicesSold": "279104000",
            "operatingIncome": "18000000",
            "sellingGeneralAndAdministrative": "668999000",
            "researchAndDevelopment": "284000000",
            "operatingExpenses": "953000000",
            "investmentIncomeNet": "None",
            "netInterestIncome": "-7746000",
            "interestIncome": "254000",
            "interestExpense": "8000000",
            "nonInterestIncome": "1245376000",
            "otherNonOperatingIncome": "3138000",
            "depreciation": "65000000",
            "depreciationAndAmortization": "71440000",
            "incomeBeforeTax": "14145000",
            "incomeTaxExpense": "-3000000",
            "interestAndDebtExpense": "12700000",
            "netIncomeFromContinuingOperations": "16648000",
            "comprehensiveIncomeNetOfTax": "59000000",
            "ebit": "22145000",
            "ebitda": "93585000",
            "netIncome": "17145000"
        },
        {
            "fiscalDateEnding": "2020-09-30",
            "reportedCurrency": "USD",
            "grossProfit": "900000000",
            "totalRevenue": "1152000000",
            "costOfRevenue": "252000000",
            "costofGoodsAndServicesSold": "251704000",
            "operatingIncome": "69000000",
            "sellingGeneralAndAdministrative": "562644000",
            "researchAndDevelopment": "268000000",
            "operatingExpenses": "831000000",
            "investmentIncomeNet": "None",
            "netInterestIncome": "-8000000",
            "interestIncome": "3057000",
            "interestExpense": "8000000",
            "nonInterestIncome": "1151972000",
            "otherNonOperatingIncome": "-35919000",
            "depreciation": "58000000",
            "depreciationAndAmortization": "10000000",
            "incomeBeforeTax": "25858000",
            "incomeTaxExpense": "13000000",
            "interestAndDebtExpense": "8000000",
            "netIncomeFromContinuingOperations": "12858000",
            "comprehensiveIncomeNetOfTax": "35000000",
            "ebit": "33858000",
            "ebitda": "43858000",
            "netIncome": "12858000"
        },
        {
            "fiscalDateEnding": "2020-06-30",
            "reportedCurrency": "USD",
            "grossProfit": "838000000",
            "totalRevenue": "1071000000",
            "costOfRevenue": "233000000",
            "costofGoodsAndServicesSold": "232939000",
            "operatingIncome": "63000000",
            "sellingGeneralAndAdministrative": "530556000",
            "researchAndDevelopment": "245000000",
            "operatingExpenses": "775000000",
            "investmentIncomeNet": "None",
            "netInterestIncome": "-8488000",
            "interestIncome": "-488000",
            "interestExpense": "8000000",
            "nonInterestIncome": "1070842000",
            "otherNonOperatingIncome": "8252000",
            "depreciation": "51000000",
            "depreciationAndAmortization": "15000000",
            "incomeBeforeTax": "62000000",
            "incomeTaxExpense": "21000000",
            "interestAndDebtExpense": "8488000",
            "netIncomeFromContinuingOperations": "40766000",
            "comprehensiveIncomeNetOfTax": "86000000",
            "ebit": "70000000",
            "ebitda": "85000000",
            "netIncome": "41000000"
        },
        {
            "fiscalDateEnding": "2020-03-31",
            "reportedCurrency": "USD",
            "grossProfit": "823000000",
            "totalRevenue": "1046000000",
            "costOfRevenue": "223000000",
            "costofGoodsAndServicesSold": "223366000",
            "operatingIncome": "49000000",
            "sellingGeneralAndAdministrative": "546982000",
            "researchAndDevelopment": "227000000",
            "operatingExpenses": "774000000",
            "investmentIncomeNet": "None",
            "netInterestIncome": "-8570000",
            "interestIncome": "430000",
            "interestExpense": "9000000",
            "nonInterestIncome": "1046340000",
            "otherNonOperatingIncome": "7597000",
            "depreciation": "51000000",
            "depreciationAndAmortization": "59781000",
            "incomeBeforeTax": "48000000",
            "incomeTaxExpense": "0",
            "interestAndDebtExpense": "8570000",
            "netIncomeFromContinuingOperations": "48231000",
            "comprehensiveIncomeNetOfTax": "8000000",
            "ebit": "57000000",
            "ebitda": "116781000",
            "netIncome": "48000000"
        },
        {
            "fiscalDateEnding": "2019-12-31",
            "reportedCurrency": "USD",
            "grossProfit": "740529000",
            "totalRevenue": "951337000",
            "costOfRevenue": "210808000",
            "costofGoodsAndServicesSold": "211453000",
            "operatingIncome": "28389000",
            "sellingGeneralAndAdministrative": "509481000",
            "researchAndDevelopment": "202959000",
            "operatingExpenses": "712140000",
            "investmentIncomeNet": "None",
            "netInterestIncome": "-8475000",
            "interestIncome": "-475000",
            "interestExpense": "8000000",
            "nonInterestIncome": "951774000",
            "otherNonOperatingIncome": "14149000",
            "depreciation": "49000000",
            "depreciationAndAmortization": "56288000",
            "incomeBeforeTax": "34001000",
            "incomeTaxExpense": "-565025000",
            "interestAndDebtExpense": "8475000",
            "netIncomeFromContinuingOperations": "598724000",
            "comprehensiveIncomeNetOfTax": "604360000",
            "ebit": "42001000",
            "ebitda": "98289000",
            "netIncome": "599026000"
        },
        {
            "fiscalDateEnding": "2019-09-30",
            "reportedCurrency": "USD",
            "grossProfit": "685040000",
            "totalRevenue": "885833000",
            "costOfRevenue": "200793000",
            "costofGoodsAndServicesSold": "200793000",
            "operatingIncome": "56324000",
            "sellingGeneralAndAdministrative": "438617000",
            "researchAndDevelopment": "190099000",
            "operatingExpenses": "628716000",
            "investmentIncomeNet": "None",
            "netInterestIncome": "-8371000",
            "interestIncome": "-371000",
            "interestExpense": "8000000",
            "nonInterestIncome": "885833000",
            "otherNonOperatingIncome": "12817000",
            "depreciation": "42000000",
            "depreciationAndAmortization": "9000000",
            "incomeBeforeTax": "60770000",
            "incomeTaxExpense": "20172000",
            "interestAndDebtExpense": "8371000",
            "netIncomeFromContinuingOperations": "40570000",
            "comprehensiveIncomeNetOfTax": "46687000",
            "ebit": "68770000",
            "ebitda": "77770000",
            "netIncome": "40598000"
        },
        {
            "fiscalDateEnding": "2019-06-30",
            "reportedCurrency": "USD",
            "grossProfit": "635757000",
            "totalRevenue": "833904000",
            "costOfRevenue": "198147000",
            "costofGoodsAndServicesSold": "198147000",
            "operatingIncome": "-27000000",
            "sellingGeneralAndAdministrative": "479337000",
            "researchAndDevelopment": "183420000",
            "operatingExpenses": "662757000",
            "investmentIncomeNet": "None",
            "netInterestIncome": "-8269000",
            "interestIncome": "14427000",
            "interestExpense": "8269000",
            "nonInterestIncome": "833904000",
            "otherNonOperatingIncome": "18954000",
            "depreciation": "40000000",
            "depreciationAndAmortization": "8000000",
            "incomeBeforeTax": "-16315000",
            "incomeTaxExpense": "-5236000",
            "interestAndDebtExpense": "8269000",
            "netIncomeFromContinuingOperations": "-11115000",
            "comprehensiveIncomeNetOfTax": "-7860000",
            "ebit": "-8046000",
            "ebitda": "-46000",
            "netIncome": "-11079000"
        },
        {
            "fiscalDateEnding": "2019-03-31",
            "reportedCurrency": "USD",
            "grossProfit": "602674000",
            "totalRevenue": "788926000",
            "costOfRevenue": "186252000",
            "costofGoodsAndServicesSold": "186252000",
            "operatingIncome": "-15713000",
            "sellingGeneralAndAdministrative": "445865000",
            "researchAndDevelopment": "172522000",
            "operatingExpenses": "618387000",
            "investmentIncomeNet": "None",
            "netInterestIncome": "-8168000",
            "interestIncome": "4215000",
            "interestExpense": "8168000",
            "nonInterestIncome": "788926000",
            "otherNonOperatingIncome": "12425000",
            "depreciation": "37100000",
            "depreciationAndAmortization": "46557000",
            "incomeBeforeTax": "-11456000",
            "incomeTaxExpense": "-9911000",
            "interestAndDebtExpense": "8168000",
            "netIncomeFromContinuingOperations": "-1545000",
            "comprehensiveIncomeNetOfTax": "12813000",
            "ebit": "-3288000",
            "ebitda": "43269000",
            "netIncome": "-1545000"
        },
        {
            "fiscalDateEnding": "2018-12-31",
            "reportedCurrency": "USD",
            "grossProfit": "547279000",
            "totalRevenue": "715441000",
            "costOfRevenue": "168162000",
            "costofGoodsAndServicesSold": "168162000",
            "operatingIncome": "278000",
            "sellingGeneralAndAdministrative": "398339000",
            "researchAndDevelopment": "148662000",
            "operatingExpenses": "547001000",
            "investmentIncomeNet": "None",
            "netInterestIncome": "-8938000",
            "interestIncome": "None",
            "interestExpense": "8938000",
            "nonInterestIncome": "715441000",
            "otherNonOperatingIncome": "11700000",
            "depreciation": "34700000",
            "depreciationAndAmortization": "42991000",
            "incomeBeforeTax": "1955000",
            "incomeTaxExpense": "-5060000",
            "interestAndDebtExpense": "8938000",
            "netIncomeFromContinuingOperations": "7015000",
            "comprehensiveIncomeNetOfTax": "4398000",
            "ebit": "10893000",
            "ebitda": "53884000",
            "netIncome": "7015000"
        },
        {
            "fiscalDateEnding": "2018-09-30",
            "reportedCurrency": "USD",
            "grossProfit": "515239000",
            "totalRevenue": "673097000",
            "costOfRevenue": "157858000",
            "costofGoodsAndServicesSold": "157858000",
            "operatingIncome": "9568000",
            "sellingGeneralAndAdministrative": "370016000",
            "researchAndDevelopment": "135655000",
            "operatingExpenses": "505671000",
            "investmentIncomeNet": "None",
            "netInterestIncome": "-11233000",
            "interestIncome": "None",
            "interestExpense": "11233000",
            "nonInterestIncome": "673097000",
            "otherNonOperatingIncome": "8895000",
            "depreciation": "31500000",
            "depreciationAndAmortization": "6400000",
            "incomeBeforeTax": "7230000",
            "incomeTaxExpense": "-1175000",
            "interestAndDebtExpense": "11233000",
            "netIncomeFromContinuingOperations": "8405000",
            "comprehensiveIncomeNetOfTax": "10982000",
            "ebit": "18463000",
            "ebitda": "24863000",
            "netIncome": "8405000"
        },
        {
            "fiscalDateEnding": "2018-06-30",
            "reportedCurrency": "USD",
            "grossProfit": "477891000",
            "totalRevenue": "631056000",
            "costOfRevenue": "153165000",
            "costofGoodsAndServicesSold": "153165000",
            "operatingIncome": "-31989000",
            "sellingGeneralAndAdministrative": "381964000",
            "researchAndDevelopment": "127916000",
            "operatingExpenses": "509880000",
            "investmentIncomeNet": "None",
            "netInterestIncome": "-15498000",
            "interestIncome": "None",
            "interestExpense": "15498000",
            "nonInterestIncome": "631056000",
            "otherNonOperatingIncome": "8621000",
            "depreciation": "29200000",
            "depreciationAndAmortization": "6100000",
            "incomeBeforeTax": "-40846000",
            "incomeTaxExpense": "11900000",
            "interestAndDebtExpense": "15498000",
            "netIncomeFromContinuingOperations": "-52746000",
            "comprehensiveIncomeNetOfTax": "-43771000",
            "ebit": "-25348000",
            "ebitda": "-19248000",
            "netIncome": "-52746000"
        }
    ]
}