{
    "symbol": "NWL",
    "annualReports": [
        {
            "fiscalDateEnding": "2022-12-31",
            "reportedCurrency": "USD",
            "grossProfit": "2834000000",
            "totalRevenue": "9305000000",
            "costOfRevenue": "9151000000",
            "costofGoodsAndServicesSold": "6625000000",
            "operatingIncome": "312000000",
            "sellingGeneralAndAdministrative": "2033000000",
            "researchAndDevelopment": "140000000",
            "operatingExpenses": "2530000000",
            "investmentIncomeNet": "None",
            "netInterestIncome": "-235000000",
            "interestIncome": "None",
            "interestExpense": "235000000",
            "nonInterestIncome": "9540000000",
            "otherNonOperatingIncome": "81000000",
            "depreciation": "None",
            "depreciationAndAmortization": "4000000",
            "incomeBeforeTax": "157000000",
            "incomeTaxExpense": "-40000000",
            "interestAndDebtExpense": "236000000",
            "netIncomeFromContinuingOperations": "197000000",
            "comprehensiveIncomeNetOfTax": "68000000",
            "ebit": "392000000",
            "ebitda": "396000000",
            "netIncome": "197000000"
        },
        {
            "fiscalDateEnding": "2021-12-31",
            "reportedCurrency": "USD",
            "grossProfit": "3363000000",
            "totalRevenue": "10336000000",
            "costOfRevenue": "9683000000",
            "costofGoodsAndServicesSold": "7226000000",
            "operatingIncome": "1013000000",
            "sellingGeneralAndAdministrative": "2274000000",
            "researchAndDevelopment": "153000000",
            "operatingExpenses": "2543000000",
            "investmentIncomeNet": "None",
            "netInterestIncome": "-256000000",
            "interestIncome": "None",
            "interestExpense": "256000000",
            "nonInterestIncome": "10592000000",
            "otherNonOperatingIncome": "8000000",
            "depreciation": "None",
            "depreciationAndAmortization": "4000000",
            "incomeBeforeTax": "760000000",
            "incomeTaxExpense": "138000000",
            "interestAndDebtExpense": "261000000",
            "netIncomeFromContinuingOperations": "572000000",
            "comprehensiveIncomeNetOfTax": "618000000",
            "ebit": "1016000000",
            "ebitda": "1020000000",
            "netIncome": "622000000"
        },
        {
            "fiscalDateEnding": "2020-12-31",
            "reportedCurrency": "USD",
            "grossProfit": "3084000000",
            "totalRevenue": "9059000000",
            "costOfRevenue": "10087000000",
            "costofGoodsAndServicesSold": "6301000000",
            "operatingIncome": "-629000000",
            "sellingGeneralAndAdministrative": "2189000000",
            "researchAndDevelopment": "144000000",
            "operatingExpenses": "3934000000",
            "investmentIncomeNet": "None",
            "netInterestIncome": "-274000000",
            "interestIncome": "None",
            "interestExpense": "274000000",
            "nonInterestIncome": "9333000000",
            "otherNonOperatingIncome": "-78000000",
            "depreciation": "None",
            "depreciationAndAmortization": "4000000",
            "incomeBeforeTax": "-1001000000",
            "incomeTaxExpense": "-235000000",
            "interestAndDebtExpense": "294000000",
            "netIncomeFromContinuingOperations": "-770000000",
            "comprehensiveIncomeNetOfTax": "-722000000",
            "ebit": "-727000000",
            "ebitda": "-723000000",
            "netIncome": "-766000000"
        },
        {
            "fiscalDateEnding": "2019-12-31",
            "reportedCurrency": "USD",
            "grossProfit": "3219000000",
            "totalRevenue": "9688100000",
            "costOfRevenue": "10216400000",
            "costofGoodsAndServicesSold": "6496000000",
            "operatingIncome": "-482000000",
            "sellingGeneralAndAdministrative": "2451000000",
            "researchAndDevelopment": "149000000",
            "operatingExpenses": "3862800000",
            "investmentIncomeNet": "None",
            "netInterestIncome": "-303000000",
            "interestIncome": "308700000",
            "interestExpense": "303000000",
            "nonInterestIncome": "9688100000",
            "otherNonOperatingIncome": "-39000000",
            "depreciation": "None",
            "depreciationAndAmortization": "5000000",
            "incomeBeforeTax": "-931000000",
            "incomeTaxExpense": "-1038000000",
            "interestAndDebtExpense": "303300000",
            "netIncomeFromContinuingOperations": "186000000",
            "comprehensiveIncomeNetOfTax": "99000000",
            "ebit": "-628000000",
            "ebitda": "-623000000",
            "netIncome": "107000000"
        },
        {
            "fiscalDateEnding": "2018-12-31",
            "reportedCurrency": "USD",
            "grossProfit": "3518000000",
            "totalRevenue": "8618500000",
            "costOfRevenue": "16459400000",
            "costofGoodsAndServicesSold": "6636000000",
            "operatingIncome": "-7554000000",
            "sellingGeneralAndAdministrative": "2648000000",
            "researchAndDevelopment": "151000000",
            "operatingExpenses": "10972300000",
            "investmentIncomeNet": "None",
            "netInterestIncome": "-446000000",
            "interestIncome": "440200000",
            "interestExpense": "446000000",
            "nonInterestIncome": "8618500000",
            "otherNonOperatingIncome": "12000000",
            "depreciation": "None",
            "depreciationAndAmortization": "433900000",
            "incomeBeforeTax": "-8301000000",
            "incomeTaxExpense": "-1359000000",
            "interestAndDebtExpense": "446200000",
            "netIncomeFromContinuingOperations": "-6633000000",
            "comprehensiveIncomeNetOfTax": "-7027000000",
            "ebit": "-7855000000",
            "ebitda": "-7962100000",
            "netIncome": "-6942000000"
        }
    ],
    "quarterlyReports": [
        {
            "fiscalDateEnding": "2022-12-31",
            "reportedCurrency": "USD",
            "grossProfit": "616000000",
            "totalRevenue": "2285000000",
            "costOfRevenue": "1685000000",
            "costofGoodsAndServicesSold": "1685000000",
            "operatingIncome": "-273000000",
            "sellingGeneralAndAdministrative": "544000000",
            "researchAndDevelopment": "None",
            "operatingExpenses": "772000000",
            "investmentIncomeNet": "None",
            "netInterestIncome": "-64000000",
            "interestIncome": "None",
            "interestExpense": "64000000",
            "nonInterestIncome": "2285000000",
            "otherNonOperatingIncome": "8000000",
            "depreciation": "None",
            "depreciationAndAmortization": "-72000000",
            "incomeBeforeTax": "-330000000",
            "incomeTaxExpense": "-81000000",
            "interestAndDebtExpense": "65000000",
            "netIncomeFromContinuingOperations": "-249000000",
            "comprehensiveIncomeNetOfTax": "-233000000",
            "ebit": "-266000000",
            "ebitda": "-338000000",
            "netIncome": "-249000000"
        },
        {
            "fiscalDateEnding": "2022-09-30",
            "reportedCurrency": "USD",
            "grossProfit": "653000000",
            "totalRevenue": "2189000000",
            "costOfRevenue": "2242000000",
            "costofGoodsAndServicesSold": "1594000000",
            "operatingIncome": "40000000",
            "sellingGeneralAndAdministrative": "467000000",
            "researchAndDevelopment": "None",
            "operatingExpenses": "643000000",
            "investmentIncomeNet": "None",
            "netInterestIncome": "-57000000",
            "interestIncome": "None",
            "interestExpense": "57000000",
            "nonInterestIncome": "2246000000",
            "otherNonOperatingIncome": "-24000000",
            "depreciation": "50000000",
            "depreciationAndAmortization": "25000000",
            "incomeBeforeTax": "-41000000",
            "incomeTaxExpense": "-60000000",
            "interestAndDebtExpense": "57000000",
            "netIncomeFromContinuingOperations": "31000000",
            "comprehensiveIncomeNetOfTax": "-63000000",
            "ebit": "16000000",
            "ebitda": "41000000",
            "netIncome": "19000000"
        },
        {
            "fiscalDateEnding": "2022-06-30",
            "reportedCurrency": "USD",
            "grossProfit": "825000000",
            "totalRevenue": "2481000000",
            "costOfRevenue": "2241000000",
            "costofGoodsAndServicesSold": "1698000000",
            "operatingIncome": "328000000",
            "sellingGeneralAndAdministrative": "504000000",
            "researchAndDevelopment": "None",
            "operatingExpenses": "532000000",
            "investmentIncomeNet": "None",
            "netInterestIncome": "-55000000",
            "interestIncome": "None",
            "interestExpense": "55000000",
            "nonInterestIncome": "2536000000",
            "otherNonOperatingIncome": "-21000000",
            "depreciation": "47000000",
            "depreciationAndAmortization": "24000000",
            "incomeBeforeTax": "252000000",
            "incomeTaxExpense": "53000000",
            "interestAndDebtExpense": "55000000",
            "netIncomeFromContinuingOperations": "204000000",
            "comprehensiveIncomeNetOfTax": "102000000",
            "ebit": "307000000",
            "ebitda": "331000000",
            "netIncome": "199000000"
        },
        {
            "fiscalDateEnding": "2022-03-31",
            "reportedCurrency": "USD",
            "grossProfit": "740000000",
            "totalRevenue": "2326000000",
            "costOfRevenue": "2235000000",
            "costofGoodsAndServicesSold": "1648000000",
            "operatingIncome": "217000000",
            "sellingGeneralAndAdministrative": "518000000",
            "researchAndDevelopment": "None",
            "operatingExpenses": "587000000",
            "investmentIncomeNet": "None",
            "netInterestIncome": "-59000000",
            "interestIncome": "None",
            "interestExpense": "59000000",
            "nonInterestIncome": "2385000000",
            "otherNonOperatingIncome": "118000000",
            "depreciation": "49000000",
            "depreciationAndAmortization": "27000000",
            "incomeBeforeTax": "276000000",
            "incomeTaxExpense": "48000000",
            "interestAndDebtExpense": "59000000",
            "netIncomeFromContinuingOperations": "234000000",
            "comprehensiveIncomeNetOfTax": "262000000",
            "ebit": "335000000",
            "ebitda": "362000000",
            "netIncome": "228000000"
        },
        {
            "fiscalDateEnding": "2021-12-31",
            "reportedCurrency": "USD",
            "grossProfit": "902000000",
            "totalRevenue": "2805000000",
            "costOfRevenue": "1968000000",
            "costofGoodsAndServicesSold": "1968000000",
            "operatingIncome": "170000000",
            "sellingGeneralAndAdministrative": "607000000",
            "researchAndDevelopment": "None",
            "operatingExpenses": "731000000",
            "investmentIncomeNet": "None",
            "netInterestIncome": "-59000000",
            "interestIncome": "None",
            "interestExpense": "59000000",
            "nonInterestIncome": "2805000000",
            "otherNonOperatingIncome": "5000000",
            "depreciation": "None",
            "depreciationAndAmortization": "-87000000",
            "incomeBeforeTax": "111000000",
            "incomeTaxExpense": "13000000",
            "interestAndDebtExpense": "64000000",
            "netIncomeFromContinuingOperations": "96000000",
            "comprehensiveIncomeNetOfTax": "171000000",
            "ebit": "170000000",
            "ebitda": "83000000",
            "netIncome": "98000000"
        },
        {
            "fiscalDateEnding": "2021-09-30",
            "reportedCurrency": "USD",
            "grossProfit": "848000000",
            "totalRevenue": "2729000000",
            "costOfRevenue": "2534000000",
            "costofGoodsAndServicesSold": "1904000000",
            "operatingIncome": "316000000",
            "sellingGeneralAndAdministrative": "561000000",
            "researchAndDevelopment": "None",
            "operatingExpenses": "595000000",
            "investmentIncomeNet": "None",
            "netInterestIncome": "-65000000",
            "interestIncome": "None",
            "interestExpense": "65000000",
            "nonInterestIncome": "2794000000",
            "otherNonOperatingIncome": "-1000000",
            "depreciation": "50000000",
            "depreciationAndAmortization": "28000000",
            "incomeBeforeTax": "250000000",
            "incomeTaxExpense": "35000000",
            "interestAndDebtExpense": "65000000",
            "netIncomeFromContinuingOperations": "190000000",
            "comprehensiveIncomeNetOfTax": "156000000",
            "ebit": "315000000",
            "ebitda": "343000000",
            "netIncome": "215000000"
        },
        {
            "fiscalDateEnding": "2021-06-30",
            "reportedCurrency": "USD",
            "grossProfit": "882000000",
            "totalRevenue": "2641000000",
            "costOfRevenue": "2433000000",
            "costofGoodsAndServicesSold": "1803000000",
            "operatingIncome": "329000000",
            "sellingGeneralAndAdministrative": "572000000",
            "researchAndDevelopment": "None",
            "operatingExpenses": "606000000",
            "investmentIncomeNet": "None",
            "netInterestIncome": "-65000000",
            "interestIncome": "None",
            "interestExpense": "65000000",
            "nonInterestIncome": "2706000000",
            "otherNonOperatingIncome": "3000000",
            "depreciation": "51000000",
            "depreciationAndAmortization": "29000000",
            "incomeBeforeTax": "267000000",
            "incomeTaxExpense": "51000000",
            "interestAndDebtExpense": "65000000",
            "netIncomeFromContinuingOperations": "197000000",
            "comprehensiveIncomeNetOfTax": "235000000",
            "ebit": "332000000",
            "ebitda": "361000000",
            "netIncome": "216000000"
        },
        {
            "fiscalDateEnding": "2021-03-31",
            "reportedCurrency": "USD",
            "grossProfit": "731000000",
            "totalRevenue": "2228000000",
            "costOfRevenue": "2171000000",
            "costofGoodsAndServicesSold": "1551000000",
            "operatingIncome": "198000000",
            "sellingGeneralAndAdministrative": "534000000",
            "researchAndDevelopment": "None",
            "operatingExpenses": "614000000",
            "investmentIncomeNet": "None",
            "netInterestIncome": "-67000000",
            "interestIncome": "None",
            "interestExpense": "67000000",
            "nonInterestIncome": "2295000000",
            "otherNonOperatingIncome": "1000000",
            "depreciation": "52000000",
            "depreciationAndAmortization": "34000000",
            "incomeBeforeTax": "132000000",
            "incomeTaxExpense": "39000000",
            "interestAndDebtExpense": "67000000",
            "netIncomeFromContinuingOperations": "89000000",
            "comprehensiveIncomeNetOfTax": "56000000",
            "ebit": "199000000",
            "ebitda": "233000000",
            "netIncome": "93000000"
        },
        {
            "fiscalDateEnding": "2020-12-31",
            "reportedCurrency": "USD",
            "grossProfit": "889000000",
            "totalRevenue": "2563000000",
            "costOfRevenue": "2441000000",
            "costofGoodsAndServicesSold": "1800000000",
            "operatingIncome": "253000000",
            "sellingGeneralAndAdministrative": "608000000",
            "researchAndDevelopment": "None",
            "operatingExpenses": "789000000",
            "investmentIncomeNet": "None",
            "netInterestIncome": "-69000000",
            "interestIncome": "None",
            "interestExpense": "69000000",
            "nonInterestIncome": "2632000000",
            "otherNonOperatingIncome": "-58000000",
            "depreciation": "None",
            "depreciationAndAmortization": "1000000",
            "incomeBeforeTax": "106000000",
            "incomeTaxExpense": "-25000000",
            "interestAndDebtExpense": "89000000",
            "netIncomeFromContinuingOperations": "127000000",
            "comprehensiveIncomeNetOfTax": "237000000",
            "ebit": "175000000",
            "ebitda": "176000000",
            "netIncome": "131000000"
        },
        {
            "fiscalDateEnding": "2020-09-30",
            "reportedCurrency": "USD",
            "grossProfit": "914000000",
            "totalRevenue": "2625000000",
            "costOfRevenue": "2337000000",
            "costofGoodsAndServicesSold": "1785000000",
            "operatingIncome": "363000000",
            "sellingGeneralAndAdministrative": "545000000",
            "researchAndDevelopment": "None",
            "operatingExpenses": "552000000",
            "investmentIncomeNet": "None",
            "netInterestIncome": "-71000000",
            "interestIncome": "None",
            "interestExpense": "71000000",
            "nonInterestIncome": "2696000000",
            "otherNonOperatingIncome": "-9000000",
            "depreciation": "52000000",
            "depreciationAndAmortization": "1000000",
            "incomeBeforeTax": "283000000",
            "incomeTaxExpense": "-21000000",
            "interestAndDebtExpense": "71000000",
            "netIncomeFromContinuingOperations": "304000000",
            "comprehensiveIncomeNetOfTax": "322000000",
            "ebit": "354000000",
            "ebitda": "355000000",
            "netIncome": "304000000"
        },
        {
            "fiscalDateEnding": "2020-06-30",
            "reportedCurrency": "USD",
            "grossProfit": "664000000",
            "totalRevenue": "2114000000",
            "costOfRevenue": "1949000000",
            "costofGoodsAndServicesSold": "1447000000",
            "operatingIncome": "163000000",
            "sellingGeneralAndAdministrative": "488000000",
            "researchAndDevelopment": "None",
            "operatingExpenses": "502000000",
            "investmentIncomeNet": "None",
            "netInterestIncome": "-71000000",
            "interestIncome": "None",
            "interestExpense": "71000000",
            "nonInterestIncome": "2114000000",
            "otherNonOperatingIncome": "1000000",
            "depreciation": "46000000",
            "depreciationAndAmortization": "1000000",
            "incomeBeforeTax": "93000000",
            "incomeTaxExpense": "15000000",
            "interestAndDebtExpense": "71000000",
            "netIncomeFromContinuingOperations": "78000000",
            "comprehensiveIncomeNetOfTax": "128000000",
            "ebit": "164000000",
            "ebitda": "165000000",
            "netIncome": "78000000"
        },
        {
            "fiscalDateEnding": "2020-03-31",
            "reportedCurrency": "USD",
            "grossProfit": "617000000",
            "totalRevenue": "1895000000",
            "costOfRevenue": "3364000000",
            "costofGoodsAndServicesSold": "1269000000",
            "operatingIncome": "-1408000000",
            "sellingGeneralAndAdministrative": "548000000",
            "researchAndDevelopment": "None",
            "operatingExpenses": "2095000000",
            "investmentIncomeNet": "None",
            "netInterestIncome": "-63000000",
            "interestIncome": "63000000",
            "interestExpense": "63000000",
            "nonInterestIncome": "1895000000",
            "otherNonOperatingIncome": "-12000000",
            "depreciation": "48000000",
            "depreciationAndAmortization": "1000000",
            "incomeBeforeTax": "-1483000000",
            "incomeTaxExpense": "-204000000",
            "interestAndDebtExpense": "63000000",
            "netIncomeFromContinuingOperations": "-1279000000",
            "comprehensiveIncomeNetOfTax": "-1409000000",
            "ebit": "-1420000000",
            "ebitda": "-1419000000",
            "netIncome": "-1279000000"
        },
        {
            "fiscalDateEnding": "2019-12-31",
            "reportedCurrency": "USD",
            "grossProfit": "852000000",
            "totalRevenue": "3001400000",
            "costOfRevenue": "3914100000",
            "costofGoodsAndServicesSold": "1772000000",
            "operatingIncome": "132000000",
            "sellingGeneralAndAdministrative": "640000000",
            "researchAndDevelopment": "149000000",
            "operatingExpenses": "2051800000",
            "investmentIncomeNet": "None",
            "netInterestIncome": "-70000000",
            "interestIncome": "69700000",
            "interestExpense": "70000000",
            "nonInterestIncome": "3001400000",
            "otherNonOperatingIncome": "-6000000",
            "depreciation": "None",
            "depreciationAndAmortization": "2000000",
            "incomeBeforeTax": "73000000",
            "incomeTaxExpense": "-721000000",
            "interestAndDebtExpense": "70700000",
            "netIncomeFromContinuingOperations": "778000000",
            "comprehensiveIncomeNetOfTax": "911000000",
            "ebit": "143000000",
            "ebitda": "145000000",
            "netIncome": "794000000"
        },
        {
            "fiscalDateEnding": "2019-09-30",
            "reportedCurrency": "USD",
            "grossProfit": "847000000",
            "totalRevenue": "2411100000",
            "costOfRevenue": "2262200000",
            "costofGoodsAndServicesSold": "1722000000",
            "operatingIncome": "-857000000",
            "sellingGeneralAndAdministrative": "630000000",
            "researchAndDevelopment": "149000000",
            "operatingExpenses": "630500000",
            "investmentIncomeNet": "None",
            "netInterestIncome": "-75000000",
            "interestIncome": "76500000",
            "interestExpense": "75000000",
            "nonInterestIncome": "2411100000",
            "otherNonOperatingIncome": "-7000000",
            "depreciation": "None",
            "depreciationAndAmortization": "1000000",
            "incomeBeforeTax": "-953000000",
            "incomeTaxExpense": "-327000000",
            "interestAndDebtExpense": "74200000",
            "netIncomeFromContinuingOperations": "-641000000",
            "comprehensiveIncomeNetOfTax": "-742000000",
            "ebit": "-878000000",
            "ebitda": "-877000000",
            "netIncome": "-626000000"
        },
        {
            "fiscalDateEnding": "2019-06-30",
            "reportedCurrency": "USD",
            "grossProfit": "865000000",
            "totalRevenue": "2112400000",
            "costOfRevenue": "1938400000",
            "costofGoodsAndServicesSold": "1615000000",
            "operatingIncome": "231000000",
            "sellingGeneralAndAdministrative": "612000000",
            "researchAndDevelopment": "149000000",
            "operatingExpenses": "568500000",
            "investmentIncomeNet": "None",
            "netInterestIncome": "-78200000",
            "interestIncome": "168100000",
            "interestExpense": "78200000",
            "nonInterestIncome": "2112400000",
            "otherNonOperatingIncome": "0",
            "depreciation": "None",
            "depreciationAndAmortization": "1000000",
            "incomeBeforeTax": "120000000",
            "incomeTaxExpense": "30000000",
            "interestAndDebtExpense": "78000000",
            "netIncomeFromContinuingOperations": "123000000",
            "comprehensiveIncomeNetOfTax": "105000000",
            "ebit": "231000000",
            "ebitda": "232000000",
            "netIncome": "90000000"
        },
        {
            "fiscalDateEnding": "2019-03-31",
            "reportedCurrency": "USD",
            "grossProfit": "655000000",
            "totalRevenue": "1695400000",
            "costOfRevenue": "1872100000",
            "costofGoodsAndServicesSold": "1387000000",
            "operatingIncome": "12000000",
            "sellingGeneralAndAdministrative": "569000000",
            "researchAndDevelopment": "149000000",
            "operatingExpenses": "703800000",
            "investmentIncomeNet": "None",
            "netInterestIncome": "-80200000",
            "interestIncome": "80000000",
            "interestExpense": "80200000",
            "nonInterestIncome": "1695400000",
            "otherNonOperatingIncome": "-26000000",
            "depreciation": "None",
            "depreciationAndAmortization": "1000000",
            "incomeBeforeTax": "-171000000",
            "incomeTaxExpense": "-20000000",
            "interestAndDebtExpense": "80000000",
            "netIncomeFromContinuingOperations": "-74000000",
            "comprehensiveIncomeNetOfTax": "-175000000",
            "ebit": "12000000",
            "ebitda": "13000000",
            "netIncome": "-151000000"
        },
        {
            "fiscalDateEnding": "2018-12-31",
            "reportedCurrency": "USD",
            "grossProfit": "1062700000",
            "totalRevenue": "2328200000",
            "costOfRevenue": "12366200000",
            "costofGoodsAndServicesSold": "2030200000",
            "operatingIncome": "127200000",
            "sellingGeneralAndAdministrative": "740900000",
            "researchAndDevelopment": "135000000",
            "operatingExpenses": "928900000",
            "investmentIncomeNet": "None",
            "netInterestIncome": "None",
            "interestIncome": "None",
            "interestExpense": "104100000",
            "nonInterestIncome": "2328200000",
            "otherNonOperatingIncome": "1500000",
            "depreciation": "None",
            "depreciationAndAmortization": "96300000",
            "incomeBeforeTax": "93100000",
            "incomeTaxExpense": "-90900000",
            "interestAndDebtExpense": "104000000",
            "netIncomeFromContinuingOperations": "111800000",
            "comprehensiveIncomeNetOfTax": "310400000",
            "ebit": "127200000",
            "ebitda": "77700000",
            "netIncome": "184000000"
        },
        {
            "fiscalDateEnding": "2018-09-30",
            "reportedCurrency": "USD",
            "grossProfit": "915400000",
            "totalRevenue": "2277200000",
            "costOfRevenue": "1460200000",
            "costofGoodsAndServicesSold": "1633300000",
            "operatingIncome": "-7835100000",
            "sellingGeneralAndAdministrative": "604400000",
            "researchAndDevelopment": "135000000",
            "operatingExpenses": "8720800000",
            "investmentIncomeNet": "None",
            "netInterestIncome": "None",
            "interestIncome": "None",
            "interestExpense": "105600000",
            "nonInterestIncome": "2277200000",
            "otherNonOperatingIncome": "-4200000",
            "depreciation": "None",
            "depreciationAndAmortization": "82800000",
            "incomeBeforeTax": "-8530600000",
            "incomeTaxExpense": "-1219600000",
            "interestAndDebtExpense": "105600000",
            "netIncomeFromContinuingOperations": "-6725300000",
            "comprehensiveIncomeNetOfTax": "-7357900000",
            "ebit": "-7835100000",
            "ebitda": "-8446200000",
            "netIncome": "-7311000000"
        },
        {
            "fiscalDateEnding": "2018-06-30",
            "reportedCurrency": "USD",
            "grossProfit": "774800000",
            "totalRevenue": "2203100000",
            "costOfRevenue": "1428000000",
            "costofGoodsAndServicesSold": "1426800000",
            "operatingIncome": "83900000",
            "sellingGeneralAndAdministrative": "613600000",
            "researchAndDevelopment": "135000000",
            "operatingExpenses": "690900000",
            "investmentIncomeNet": "None",
            "netInterestIncome": "None",
            "interestIncome": "None",
            "interestExpense": "120500000",
            "nonInterestIncome": "2203100000",
            "otherNonOperatingIncome": "13200000",
            "depreciation": "None",
            "depreciationAndAmortization": "105000000",
            "incomeBeforeTax": "184700000",
            "incomeTaxExpense": "53000000",
            "interestAndDebtExpense": "120500000",
            "netIncomeFromContinuingOperations": "-76400000",
            "comprehensiveIncomeNetOfTax": "-84200000",
            "ebit": "83900000",
            "ebitda": "289700000",
            "netIncome": "131700000"
        },
        {
            "fiscalDateEnding": "2018-03-31",
            "reportedCurrency": "USD",
            "grossProfit": "605300000",
            "totalRevenue": "3017400000",
            "costOfRevenue": "2012000000",
            "costofGoodsAndServicesSold": "1206200000",
            "operatingIncome": "-26400000",
            "sellingGeneralAndAdministrative": "626300000",
            "researchAndDevelopment": "135000000",
            "operatingExpenses": "970200000",
            "investmentIncomeNet": "None",
            "netInterestIncome": "None",
            "interestIncome": "None",
            "interestExpense": "116100000",
            "nonInterestIncome": "3017400000",
            "otherNonOperatingIncome": "1400000",
            "depreciation": "None",
            "depreciationAndAmortization": "81900000",
            "incomeBeforeTax": "-33100000",
            "incomeTaxExpense": "-86400000",
            "interestAndDebtExpense": "116100000",
            "netIncomeFromContinuingOperations": "-54700000",
            "comprehensiveIncomeNetOfTax": "104700000",
            "ebit": "-26400000",
            "ebitda": "55500000",
            "netIncome": "53300000"
        }
    ]
}