{
    "symbol": "OGN",
    "annualReports": [
        {
            "fiscalDateEnding": "2022-12-31",
            "reportedCurrency": "USD",
            "grossProfit": "2023000000",
            "totalRevenue": "6174000000",
            "costOfRevenue": "4151000000",
            "costofGoodsAndServicesSold": "2294000000",
            "operatingIncome": "-412000000",
            "sellingGeneralAndAdministrative": "1704000000",
            "researchAndDevelopment": "578000000",
            "operatingExpenses": "2435000000",
            "investmentIncomeNet": "None",
            "netInterestIncome": "-422000000",
            "interestIncome": "None",
            "interestExpense": "422000000",
            "nonInterestIncome": "-11000000",
            "otherNonOperatingIncome": "None",
            "depreciation": "96000000",
            "depreciationAndAmortization": "116000000",
            "incomeBeforeTax": "1122000000",
            "incomeTaxExpense": "205000000",
            "interestAndDebtExpense": "422000000",
            "netIncomeFromContinuingOperations": "917000000",
            "comprehensiveIncomeNetOfTax": "866000000",
            "ebit": "1544000000",
            "ebitda": "1660000000",
            "netIncome": "917000000"
        },
        {
            "fiscalDateEnding": "2021-12-31",
            "reportedCurrency": "USD",
            "grossProfit": "2141000000",
            "totalRevenue": "6304000000",
            "costOfRevenue": "4163000000",
            "costofGoodsAndServicesSold": "2382000000",
            "operatingIncome": "-83000000",
            "sellingGeneralAndAdministrative": "1668000000",
            "researchAndDevelopment": "443000000",
            "operatingExpenses": "2224000000",
            "investmentIncomeNet": "None",
            "netInterestIncome": "-258000000",
            "interestIncome": "None",
            "interestExpense": "258000000",
            "nonInterestIncome": "-18000000",
            "otherNonOperatingIncome": "None",
            "depreciation": "92000000",
            "depreciationAndAmortization": "103000000",
            "incomeBeforeTax": "1529000000",
            "incomeTaxExpense": "178000000",
            "interestAndDebtExpense": "258000000",
            "netIncomeFromContinuingOperations": "1351000000",
            "comprehensiveIncomeNetOfTax": "1449000000",
            "ebit": "1787000000",
            "ebitda": "1890000000",
            "netIncome": "1351000000"
        }
    ],
    "quarterlyReports": [
        {
            "fiscalDateEnding": "2022-12-31",
            "reportedCurrency": "USD",
            "grossProfit": "288000000",
            "totalRevenue": "1485000000",
            "costOfRevenue": "1197000000",
            "costofGoodsAndServicesSold": "594000000",
            "operatingIncome": "-457000000",
            "sellingGeneralAndAdministrative": "470000000",
            "researchAndDevelopment": "142000000",
            "operatingExpenses": "745000000",
            "investmentIncomeNet": "None",
            "netInterestIncome": "-119000000",
            "interestIncome": "None",
            "interestExpense": "119000000",
            "nonInterestIncome": "-32000000",
            "otherNonOperatingIncome": "None",
            "depreciation": "24000000",
            "depreciationAndAmortization": "52000000",
            "incomeBeforeTax": "111000000",
            "incomeTaxExpense": "3000000",
            "interestAndDebtExpense": "119000000",
            "netIncomeFromContinuingOperations": "108000000",
            "comprehensiveIncomeNetOfTax": "230000000",
            "ebit": "230000000",
            "ebitda": "282000000",
            "netIncome": "108000000"
        },
        {
            "fiscalDateEnding": "2022-09-30",
            "reportedCurrency": "USD",
            "grossProfit": "535000000",
            "totalRevenue": "1537000000",
            "costOfRevenue": "1002000000",
            "costofGoodsAndServicesSold": "551000000",
            "operatingIncome": "-53000000",
            "sellingGeneralAndAdministrative": "440000000",
            "researchAndDevelopment": "137000000",
            "operatingExpenses": "588000000",
            "investmentIncomeNet": "None",
            "netInterestIncome": "-108000000",
            "interestIncome": "None",
            "interestExpense": "108000000",
            "nonInterestIncome": "-4000000",
            "otherNonOperatingIncome": "-4000000",
            "depreciation": "25000000",
            "depreciationAndAmortization": "57000000",
            "incomeBeforeTax": "282000000",
            "incomeTaxExpense": "55000000",
            "interestAndDebtExpense": "108000000",
            "netIncomeFromContinuingOperations": "227000000",
            "comprehensiveIncomeNetOfTax": "130000000",
            "ebit": "390000000",
            "ebitda": "447000000",
            "netIncome": "227000000"
        },
        {
            "fiscalDateEnding": "2022-06-30",
            "reportedCurrency": "USD",
            "grossProfit": "574000000",
            "totalRevenue": "1585000000",
            "costOfRevenue": "1011000000",
            "costofGoodsAndServicesSold": "588000000",
            "operatingIncome": "-52000000",
            "sellingGeneralAndAdministrative": "423000000",
            "researchAndDevelopment": "203000000",
            "operatingExpenses": "626000000",
            "investmentIncomeNet": "None",
            "netInterestIncome": "-98000000",
            "interestIncome": "None",
            "interestExpense": "98000000",
            "nonInterestIncome": "19000000",
            "otherNonOperatingIncome": "None",
            "depreciation": "22000000",
            "depreciationAndAmortization": "50000000",
            "incomeBeforeTax": "287000000",
            "incomeTaxExpense": "53000000",
            "interestAndDebtExpense": "98000000",
            "netIncomeFromContinuingOperations": "234000000",
            "comprehensiveIncomeNetOfTax": "174000000",
            "ebit": "385000000",
            "ebitda": "435000000",
            "netIncome": "234000000"
        },
        {
            "fiscalDateEnding": "2022-03-31",
            "reportedCurrency": "USD",
            "grossProfit": "635000000",
            "totalRevenue": "1567000000",
            "costOfRevenue": "932000000",
            "costofGoodsAndServicesSold": "561000000",
            "operatingIncome": "168000000",
            "sellingGeneralAndAdministrative": "371000000",
            "researchAndDevelopment": "96000000",
            "operatingExpenses": "467000000",
            "investmentIncomeNet": "None",
            "netInterestIncome": "-97000000",
            "interestIncome": "None",
            "interestExpense": "97000000",
            "nonInterestIncome": "6000000",
            "otherNonOperatingIncome": "None",
            "depreciation": "25000000",
            "depreciationAndAmortization": "53000000",
            "incomeBeforeTax": "442000000",
            "incomeTaxExpense": "94000000",
            "interestAndDebtExpense": "97000000",
            "netIncomeFromContinuingOperations": "348000000",
            "comprehensiveIncomeNetOfTax": "332000000",
            "ebit": "539000000",
            "ebitda": "592000000",
            "netIncome": "348000000"
        },
        {
            "fiscalDateEnding": "2021-12-31",
            "reportedCurrency": "USD",
            "grossProfit": "412000000",
            "totalRevenue": "1603000000",
            "costOfRevenue": "1191000000",
            "costofGoodsAndServicesSold": "599000000",
            "operatingIncome": "-369000000",
            "sellingGeneralAndAdministrative": "482000000",
            "researchAndDevelopment": "189000000",
            "operatingExpenses": "781000000",
            "investmentIncomeNet": "None",
            "netInterestIncome": "-98000000",
            "interestIncome": "None",
            "interestExpense": "98000000",
            "nonInterestIncome": "19000000",
            "otherNonOperatingIncome": "None",
            "depreciation": "28000000",
            "depreciationAndAmortization": "62000000",
            "incomeBeforeTax": "236000000",
            "incomeTaxExpense": "34000000",
            "interestAndDebtExpense": "98000000",
            "netIncomeFromContinuingOperations": "202000000",
            "comprehensiveIncomeNetOfTax": "182000000",
            "ebit": "334000000",
            "ebitda": "396000000",
            "netIncome": "202000000"
        },
        {
            "fiscalDateEnding": "2021-09-30",
            "reportedCurrency": "USD",
            "grossProfit": "602000000",
            "totalRevenue": "1600000000",
            "costOfRevenue": "998000000",
            "costofGoodsAndServicesSold": "609000000",
            "operatingIncome": "102000000",
            "sellingGeneralAndAdministrative": "388000000",
            "researchAndDevelopment": "111000000",
            "operatingExpenses": "500000000",
            "investmentIncomeNet": "None",
            "netInterestIncome": "-98000000",
            "interestIncome": "None",
            "interestExpense": "98000000",
            "nonInterestIncome": "-1000000",
            "otherNonOperatingIncome": "None",
            "depreciation": "25000000",
            "depreciationAndAmortization": "52000000",
            "incomeBeforeTax": "389000000",
            "incomeTaxExpense": "66000000",
            "interestAndDebtExpense": "98000000",
            "netIncomeFromContinuingOperations": "323000000",
            "comprehensiveIncomeNetOfTax": "297000000",
            "ebit": "487000000",
            "ebitda": "539000000",
            "netIncome": "323000000"
        },
        {
            "fiscalDateEnding": "2021-06-30",
            "reportedCurrency": "USD",
            "grossProfit": "595000000",
            "totalRevenue": "1595000000",
            "costOfRevenue": "1000000000",
            "costofGoodsAndServicesSold": "583000000",
            "operatingIncome": "102000000",
            "sellingGeneralAndAdministrative": "416000000",
            "researchAndDevelopment": "76000000",
            "operatingExpenses": "493000000",
            "investmentIncomeNet": "None",
            "netInterestIncome": "-62000000",
            "interestIncome": "None",
            "interestExpense": "62000000",
            "nonInterestIncome": "-31000000",
            "otherNonOperatingIncome": "None",
            "depreciation": "21000000",
            "depreciationAndAmortization": "43000000",
            "incomeBeforeTax": "433000000",
            "incomeTaxExpense": "6000000",
            "interestAndDebtExpense": "62000000",
            "netIncomeFromContinuingOperations": "431000000",
            "comprehensiveIncomeNetOfTax": "639000000",
            "ebit": "495000000",
            "ebitda": "538000000",
            "netIncome": "427000000"
        },
        {
            "fiscalDateEnding": "2021-03-31",
            "reportedCurrency": "USD",
            "grossProfit": "532000000",
            "totalRevenue": "1506000000",
            "costOfRevenue": "974000000",
            "costofGoodsAndServicesSold": "591000000",
            "operatingIncome": "82000000",
            "sellingGeneralAndAdministrative": "382000000",
            "researchAndDevelopment": "67000000",
            "operatingExpenses": "450000000",
            "investmentIncomeNet": "None",
            "netInterestIncome": "0",
            "interestIncome": "None",
            "interestExpense": "0",
            "nonInterestIncome": "-7000000",
            "otherNonOperatingIncome": "None",
            "depreciation": "18000000",
            "depreciationAndAmortization": "38000000",
            "incomeBeforeTax": "471000000",
            "incomeTaxExpense": "72000000",
            "interestAndDebtExpense": "0",
            "netIncomeFromContinuingOperations": "395000000",
            "comprehensiveIncomeNetOfTax": "331000000",
            "ebit": "471000000",
            "ebitda": "509000000",
            "netIncome": "399000000"
        },
        {
            "fiscalDateEnding": "2020-12-31",
            "reportedCurrency": "USD",
            "grossProfit": "1363000000",
            "totalRevenue": "1613000000",
            "costOfRevenue": "1814000000",
            "costofGoodsAndServicesSold": "586000000",
            "operatingIncome": "465000000",
            "sellingGeneralAndAdministrative": "434000000",
            "researchAndDevelopment": "60000000",
            "operatingExpenses": "898000000",
            "investmentIncomeNet": "None",
            "netInterestIncome": "None",
            "interestIncome": "None",
            "interestExpense": "0",
            "nonInterestIncome": "None",
            "otherNonOperatingIncome": "None",
            "depreciation": "14000000",
            "depreciationAndAmortization": "50000000",
            "incomeBeforeTax": "517000000",
            "incomeTaxExpense": "149000000",
            "interestAndDebtExpense": "None",
            "netIncomeFromContinuingOperations": "376000000",
            "comprehensiveIncomeNetOfTax": "273000000",
            "ebit": "517000000",
            "ebitda": "591000000",
            "netIncome": "368000000"
        },
        {
            "fiscalDateEnding": "2020-09-30",
            "reportedCurrency": "USD",
            "grossProfit": "1078000000",
            "totalRevenue": "1613000000",
            "costOfRevenue": "535000000",
            "costofGoodsAndServicesSold": "535000000",
            "operatingIncome": "703000000",
            "sellingGeneralAndAdministrative": "321000000",
            "researchAndDevelopment": "54000000",
            "operatingExpenses": "375000000",
            "investmentIncomeNet": "None",
            "netInterestIncome": "None",
            "interestIncome": "None",
            "interestExpense": "0",
            "nonInterestIncome": "None",
            "otherNonOperatingIncome": "None",
            "depreciation": "17000000",
            "depreciationAndAmortization": "40000000",
            "incomeBeforeTax": "668000000",
            "incomeTaxExpense": "121000000",
            "interestAndDebtExpense": "None",
            "netIncomeFromContinuingOperations": "560000000",
            "comprehensiveIncomeNetOfTax": "591000000",
            "ebit": "668000000",
            "ebitda": "708000000",
            "netIncome": "547000000"
        },
        {
            "fiscalDateEnding": "2020-06-30",
            "reportedCurrency": "USD",
            "grossProfit": "1066000000",
            "totalRevenue": "1526000000",
            "costOfRevenue": "460000000",
            "costofGoodsAndServicesSold": "460000000",
            "operatingIncome": "731000000",
            "sellingGeneralAndAdministrative": "284000000",
            "researchAndDevelopment": "51000000",
            "operatingExpenses": "335000000",
            "investmentIncomeNet": "None",
            "netInterestIncome": "None",
            "interestIncome": "None",
            "interestExpense": "0",
            "nonInterestIncome": "None",
            "otherNonOperatingIncome": "None",
            "depreciation": "13000000",
            "depreciationAndAmortization": "34000000",
            "incomeBeforeTax": "658000000",
            "incomeTaxExpense": "116000000",
            "interestAndDebtExpense": "None",
            "netIncomeFromContinuingOperations": "586000000",
            "comprehensiveIncomeNetOfTax": "570000000",
            "ebit": "658000000",
            "ebitda": "692000000",
            "netIncome": "542000000"
        },
        {
            "fiscalDateEnding": "2020-03-31",
            "reportedCurrency": "USD",
            "grossProfit": "1242000000",
            "totalRevenue": "1780000000",
            "costOfRevenue": "538000000",
            "costofGoodsAndServicesSold": "538000000",
            "operatingIncome": "880000000",
            "sellingGeneralAndAdministrative": "317000000",
            "researchAndDevelopment": "45000000",
            "operatingExpenses": "362000000",
            "investmentIncomeNet": "None",
            "netInterestIncome": "None",
            "interestIncome": "None",
            "interestExpense": "None",
            "nonInterestIncome": "None",
            "otherNonOperatingIncome": "None",
            "depreciation": "12000000",
            "depreciationAndAmortization": "33000000",
            "incomeBeforeTax": "813000000",
            "incomeTaxExpense": "110000000",
            "interestAndDebtExpense": "None",
            "netIncomeFromContinuingOperations": "734000000",
            "comprehensiveIncomeNetOfTax": "553000000",
            "ebit": "813000000",
            "ebitda": "846000000",
            "netIncome": "703000000"
        }
    ]
}