{
    "symbol": "RE",
    "annualReports": [
        {
            "fiscalDateEnding": "2022-12-31",
            "reportedCurrency": "USD",
            "grossProfit": "-6668000000",
            "totalRevenue": "12060000000",
            "costOfRevenue": "18728000000",
            "costofGoodsAndServicesSold": "None",
            "operatingIncome": "-9980000000",
            "sellingGeneralAndAdministrative": "2528000000",
            "researchAndDevelopment": "None",
            "operatingExpenses": "3210000000",
            "investmentIncomeNet": "830000000",
            "netInterestIncome": "-55000000",
            "interestIncome": "2000000",
            "interestExpense": "55000000",
            "nonInterestIncome": "12264000000",
            "otherNonOperatingIncome": "None",
            "depreciation": "None",
            "depreciationAndAmortization": "None",
            "incomeBeforeTax": "588000000",
            "incomeTaxExpense": "-9000000",
            "interestAndDebtExpense": "55000000",
            "netIncomeFromContinuingOperations": "597000000",
            "comprehensiveIncomeNetOfTax": "-1411000000",
            "ebit": "643000000",
            "ebitda": "None",
            "netIncome": "597000000"
        },
        {
            "fiscalDateEnding": "2021-12-31",
            "reportedCurrency": "USD",
            "grossProfit": "-5132836000",
            "totalRevenue": "11866000000",
            "costOfRevenue": "16999099000",
            "costofGoodsAndServicesSold": "None",
            "operatingIncome": "-7895062000",
            "sellingGeneralAndAdministrative": "2216566000",
            "researchAndDevelopment": "None",
            "operatingExpenses": "2799213000",
            "investmentIncomeNet": "1165000000",
            "netInterestIncome": "-81595000",
            "interestIncome": "12324000",
            "interestExpense": "81595000",
            "nonInterestIncome": "10630216000",
            "otherNonOperatingIncome": "None",
            "depreciation": "None",
            "depreciationAndAmortization": "75777000",
            "incomeBeforeTax": "1546083000",
            "incomeTaxExpense": "167000000",
            "interestAndDebtExpense": "81595000",
            "netIncomeFromContinuingOperations": "1379083000",
            "comprehensiveIncomeNetOfTax": "856000000",
            "ebit": "1627678000",
            "ebitda": "1615770000",
            "netIncome": "1379083000"
        },
        {
            "fiscalDateEnding": "2020-12-31",
            "reportedCurrency": "USD",
            "grossProfit": "-7257895000",
            "totalRevenue": "9598000000",
            "costOfRevenue": "16856009000",
            "costofGoodsAndServicesSold": "None",
            "operatingIncome": "-9643695000",
            "sellingGeneralAndAdministrative": "1881050000",
            "researchAndDevelopment": "None",
            "operatingExpenses": "2392287000",
            "investmentIncomeNet": "642000000",
            "netInterestIncome": "-57318000",
            "interestIncome": "36323000",
            "interestExpense": "57318000",
            "nonInterestIncome": "8427702000",
            "otherNonOperatingIncome": "None",
            "depreciation": "None",
            "depreciationAndAmortization": "49673000",
            "incomeBeforeTax": "585151000",
            "incomeTaxExpense": "71000000",
            "interestAndDebtExpense": "57318000",
            "netIncomeFromContinuingOperations": "514151000",
            "comprehensiveIncomeNetOfTax": "1021000000",
            "ebit": "642469000",
            "ebitda": "671345000",
            "netIncome": "514151000"
        },
        {
            "fiscalDateEnding": "2019-12-31",
            "reportedCurrency": "USD",
            "grossProfit": "-5029932000",
            "totalRevenue": "8231169000",
            "costOfRevenue": "13261101000",
            "costofGoodsAndServicesSold": "7067523000",
            "operatingIncome": "-7193391000",
            "sellingGeneralAndAdministrative": "1711526000",
            "researchAndDevelopment": "None",
            "operatingExpenses": "2152425000",
            "investmentIncomeNet": "647139000",
            "netInterestIncome": "-31693000",
            "interestIncome": "31693000",
            "interestExpense": "31693000",
            "nonInterestIncome": "7739849000",
            "otherNonOperatingIncome": "None",
            "depreciation": "None",
            "depreciationAndAmortization": "30936000",
            "incomeBeforeTax": "1098987000",
            "incomeTaxExpense": "89526000",
            "interestAndDebtExpense": "31693000",
            "netIncomeFromContinuingOperations": "1009461000",
            "comprehensiveIncomeNetOfTax": "1500170000",
            "ebit": "1130680000",
            "ebitda": "1161616000",
            "netIncome": "1009461000"
        },
        {
            "fiscalDateEnding": "2018-12-31",
            "reportedCurrency": "USD",
            "grossProfit": "-5469142030",
            "totalRevenue": "7361495000",
            "costOfRevenue": "12846348030",
            "costofGoodsAndServicesSold": "-5651403000",
            "operatingIncome": "-7391656030",
            "sellingGeneralAndAdministrative": "1541913000",
            "researchAndDevelopment": "None",
            "operatingExpenses": "1913454000",
            "investmentIncomeNet": "581183000",
            "netInterestIncome": "-31031000",
            "interestIncome": "31031000",
            "interestExpense": "31031000",
            "nonInterestIncome": "6931699000",
            "otherNonOperatingIncome": "520000",
            "depreciation": "None",
            "depreciationAndAmortization": "29272000",
            "incomeBeforeTax": "-227671000",
            "incomeTaxExpense": "-331223000",
            "interestAndDebtExpense": "31031000",
            "netIncomeFromContinuingOperations": "103552000",
            "comprehensiveIncomeNetOfTax": "-211424000",
            "ebit": "-196640000",
            "ebitda": "-181879000",
            "netIncome": "103552000"
        }
    ],
    "quarterlyReports": [
        {
            "fiscalDateEnding": "2022-12-31",
            "reportedCurrency": "USD",
            "grossProfit": "-1018000000",
            "totalRevenue": "3255000000",
            "costOfRevenue": "4273000000",
            "costofGoodsAndServicesSold": "None",
            "operatingIncome": "-1882000000",
            "sellingGeneralAndAdministrative": "651000000",
            "researchAndDevelopment": "None",
            "operatingExpenses": "833000000",
            "investmentIncomeNet": "210000000",
            "netInterestIncome": "0",
            "interestIncome": "2000000",
            "interestExpense": "0",
            "nonInterestIncome": "3380000000",
            "otherNonOperatingIncome": "None",
            "depreciation": "None",
            "depreciationAndAmortization": "None",
            "incomeBeforeTax": "568000000",
            "incomeTaxExpense": "72000000",
            "interestAndDebtExpense": "0",
            "netIncomeFromContinuingOperations": "496000000",
            "comprehensiveIncomeNetOfTax": "848000000",
            "ebit": "568000000",
            "ebitda": "None",
            "netIncome": "496000000"
        },
        {
            "fiscalDateEnding": "2022-09-30",
            "reportedCurrency": "USD",
            "grossProfit": "-2814000000",
            "totalRevenue": "3073000000",
            "costOfRevenue": "5887000000",
            "costofGoodsAndServicesSold": "None",
            "operatingIncome": "-3640000000",
            "sellingGeneralAndAdministrative": "641000000",
            "researchAndDevelopment": "None",
            "operatingExpenses": "810000000",
            "investmentIncomeNet": "151000000",
            "netInterestIncome": "-3000000",
            "interestIncome": "161000000",
            "interestExpense": "3000000",
            "nonInterestIncome": "2700000000",
            "otherNonOperatingIncome": "None",
            "depreciation": "None",
            "depreciationAndAmortization": "None",
            "incomeBeforeTax": "-401000000",
            "incomeTaxExpense": "-82000000",
            "interestAndDebtExpense": "3000000",
            "netIncomeFromContinuingOperations": "-319000000",
            "comprehensiveIncomeNetOfTax": "-1090000000",
            "ebit": "-398000000",
            "ebitda": "-376000000",
            "netIncome": "-319000000"
        },
        {
            "fiscalDateEnding": "2022-06-30",
            "reportedCurrency": "USD",
            "grossProfit": "-1548175000",
            "totalRevenue": "2834613000",
            "costOfRevenue": "4382788000",
            "costofGoodsAndServicesSold": "None",
            "operatingIncome": "-2419339000",
            "sellingGeneralAndAdministrative": "630294000",
            "researchAndDevelopment": "None",
            "operatingExpenses": "799827000",
            "investmentIncomeNet": "225978000",
            "netInterestIncome": "-1927000",
            "interestIncome": "213322000",
            "interestExpense": "1927000",
            "nonInterestIncome": "3156402000",
            "otherNonOperatingIncome": "None",
            "depreciation": "None",
            "depreciationAndAmortization": "None",
            "incomeBeforeTax": "119123000",
            "incomeTaxExpense": "-3507000",
            "interestAndDebtExpense": "1927000",
            "netIncomeFromContinuingOperations": "122630000",
            "comprehensiveIncomeNetOfTax": "-621404000",
            "ebit": "121050000",
            "ebitda": "None",
            "netIncome": "122630000"
        },
        {
            "fiscalDateEnding": "2022-03-31",
            "reportedCurrency": "USD",
            "grossProfit": "-1288625000",
            "totalRevenue": "2896331000",
            "costOfRevenue": "4184956000",
            "costofGoodsAndServicesSold": "None",
            "operatingIncome": "-2039785000",
            "sellingGeneralAndAdministrative": "605230000",
            "researchAndDevelopment": "None",
            "operatingExpenses": "766523000",
            "investmentIncomeNet": "242830000",
            "netInterestIncome": "-20784000",
            "interestIncome": "3685000",
            "interestExpense": "20784000",
            "nonInterestIncome": "3027144000",
            "otherNonOperatingIncome": "None",
            "depreciation": "None",
            "depreciationAndAmortization": "19254000",
            "incomeBeforeTax": "301847000",
            "incomeTaxExpense": "4096000",
            "interestAndDebtExpense": "20784000",
            "netIncomeFromContinuingOperations": "297751000",
            "comprehensiveIncomeNetOfTax": "-546592000",
            "ebit": "322631000",
            "ebitda": "345179000",
            "netIncome": "297751000"
        },
        {
            "fiscalDateEnding": "2021-12-31",
            "reportedCurrency": "USD",
            "grossProfit": "-1123905000",
            "totalRevenue": "3120000000",
            "costOfRevenue": "4244282000",
            "costofGoodsAndServicesSold": "None",
            "operatingIncome": "-1895001000",
            "sellingGeneralAndAdministrative": "605471000",
            "researchAndDevelopment": "None",
            "operatingExpenses": "763893000",
            "investmentIncomeNet": "205000000",
            "netInterestIncome": "-19928000",
            "interestIncome": "125000",
            "interestExpense": "19928000",
            "nonInterestIncome": "3032117000",
            "otherNonOperatingIncome": "None",
            "depreciation": "None",
            "depreciationAndAmortization": "75777000",
            "incomeBeforeTax": "500707000",
            "incomeTaxExpense": "70000000",
            "interestAndDebtExpense": "19928000",
            "netIncomeFromContinuingOperations": "430707000",
            "comprehensiveIncomeNetOfTax": "239000000",
            "ebit": "520635000",
            "ebitda": "523428000",
            "netIncome": "430707000"
        },
        {
            "fiscalDateEnding": "2021-09-30",
            "reportedCurrency": "USD",
            "grossProfit": "-2187514000",
            "totalRevenue": "2925000000",
            "costOfRevenue": "5112937000",
            "costofGoodsAndServicesSold": "None",
            "operatingIncome": "-2912516000",
            "sellingGeneralAndAdministrative": "564335000",
            "researchAndDevelopment": "None",
            "operatingExpenses": "705485000",
            "investmentIncomeNet": "293000000",
            "netInterestIncome": "-1456000",
            "interestIncome": "15539000",
            "interestExpense": "1456000",
            "nonInterestIncome": "2333020000",
            "otherNonOperatingIncome": "None",
            "depreciation": "None",
            "depreciationAndAmortization": "57289000",
            "incomeBeforeTax": "-87468000",
            "incomeTaxExpense": "-14000000",
            "interestAndDebtExpense": "1456000",
            "netIncomeFromContinuingOperations": "-73468000",
            "comprehensiveIncomeNetOfTax": "-227000000",
            "ebit": "-86012000",
            "ebitda": "-72180000",
            "netIncome": "-73468000"
        },
        {
            "fiscalDateEnding": "2021-06-30",
            "reportedCurrency": "USD",
            "grossProfit": "-653341000",
            "totalRevenue": "3076690000",
            "costOfRevenue": "3730031000",
            "costofGoodsAndServicesSold": "None",
            "operatingIncome": "-1344820000",
            "sellingGeneralAndAdministrative": "557749000",
            "researchAndDevelopment": "None",
            "operatingExpenses": "698593000",
            "investmentIncomeNet": "407095000",
            "netInterestIncome": "-1460000",
            "interestIncome": "15607000",
            "interestExpense": "1460000",
            "nonInterestIncome": "2832011000",
            "otherNonOperatingIncome": "None",
            "depreciation": "None",
            "depreciationAndAmortization": "None",
            "incomeBeforeTax": "760181000",
            "incomeTaxExpense": "80199000",
            "interestAndDebtExpense": "1460000",
            "netIncomeFromContinuingOperations": "679982000",
            "comprehensiveIncomeNetOfTax": "802081000",
            "ebit": "761641000",
            "ebitda": "775788000",
            "netIncome": "679982000"
        },
        {
            "fiscalDateEnding": "2021-03-31",
            "reportedCurrency": "USD",
            "grossProfit": "-1168076000",
            "totalRevenue": "2743773000",
            "costOfRevenue": "3911849000",
            "costofGoodsAndServicesSold": "None",
            "operatingIncome": "-1742725000",
            "sellingGeneralAndAdministrative": "489011000",
            "researchAndDevelopment": "None",
            "operatingExpenses": "631242000",
            "investmentIncomeNet": "260413000",
            "netInterestIncome": "-18785000",
            "interestIncome": "15639000",
            "interestExpense": "18785000",
            "nonInterestIncome": "2433069000",
            "otherNonOperatingIncome": "None",
            "depreciation": "None",
            "depreciationAndAmortization": "29126000",
            "incomeBeforeTax": "373095000",
            "incomeTaxExpense": "31233000",
            "interestAndDebtExpense": "18785000",
            "netIncomeFromContinuingOperations": "341862000",
            "comprehensiveIncomeNetOfTax": "42042000",
            "ebit": "391880000",
            "ebitda": "388734000",
            "netIncome": "341862000"
        },
        {
            "fiscalDateEnding": "2020-12-31",
            "reportedCurrency": "USD",
            "grossProfit": "2802218000",
            "totalRevenue": "2761285000",
            "costOfRevenue": "6347707000",
            "costofGoodsAndServicesSold": "None",
            "operatingIncome": "2802218000",
            "sellingGeneralAndAdministrative": "520880000",
            "researchAndDevelopment": "None",
            "operatingExpenses": "646252000",
            "investmentIncomeNet": "221884000",
            "netInterestIncome": "-35841000",
            "interestIncome": "14846000",
            "interestExpense": "35841000",
            "nonInterestIncome": "2396483000",
            "otherNonOperatingIncome": "None",
            "depreciation": "None",
            "depreciationAndAmortization": "29126000",
            "incomeBeforeTax": "119197000",
            "incomeTaxExpense": "55596000",
            "interestAndDebtExpense": "35841000",
            "netIncomeFromContinuingOperations": "2802218000",
            "comprehensiveIncomeNetOfTax": "187005000",
            "ebit": "155038000",
            "ebitda": "163368000",
            "netIncome": "63601000"
        },
        {
            "fiscalDateEnding": "2020-09-30",
            "reportedCurrency": "USD",
            "grossProfit": "-1307568000",
            "totalRevenue": "2610184000",
            "costOfRevenue": "3917752000",
            "costofGoodsAndServicesSold": "None",
            "operatingIncome": "-1834294000",
            "sellingGeneralAndAdministrative": "445332000",
            "researchAndDevelopment": "None",
            "operatingExpenses": "584207000",
            "investmentIncomeNet": "234233000",
            "netInterestIncome": "-6641000",
            "interestIncome": "6641000",
            "interestExpense": "6641000",
            "nonInterestIncome": "2091205000",
            "otherNonOperatingIncome": "None",
            "depreciation": "None",
            "depreciationAndAmortization": "None",
            "incomeBeforeTax": "272508000",
            "incomeTaxExpense": "29451000",
            "interestAndDebtExpense": "6641000",
            "netIncomeFromContinuingOperations": "243057000",
            "comprehensiveIncomeNetOfTax": "357518000",
            "ebit": "279149000",
            "ebitda": "279149000",
            "netIncome": "243057000"
        },
        {
            "fiscalDateEnding": "2020-06-30",
            "reportedCurrency": "USD",
            "grossProfit": "-1035833000",
            "totalRevenue": "2244515000",
            "costOfRevenue": "3280348000",
            "costofGoodsAndServicesSold": "None",
            "operatingIncome": "-1652769000",
            "sellingGeneralAndAdministrative": "466316000",
            "researchAndDevelopment": "None",
            "operatingExpenses": "584446000",
            "investmentIncomeNet": "38083000",
            "netInterestIncome": "-7253000",
            "interestIncome": "2021000",
            "interestExpense": "7253000",
            "nonInterestIncome": "2093348000",
            "otherNonOperatingIncome": "None",
            "depreciation": "None",
            "depreciationAndAmortization": "11907000",
            "incomeBeforeTax": "237067000",
            "incomeTaxExpense": "46187000",
            "interestAndDebtExpense": "7253000",
            "netIncomeFromContinuingOperations": "190880000",
            "comprehensiveIncomeNetOfTax": "757768000",
            "ebit": "244320000",
            "ebitda": "256227000",
            "netIncome": "190880000"
        },
        {
            "fiscalDateEnding": "2020-03-31",
            "reportedCurrency": "USD",
            "grossProfit": "-1328186000",
            "totalRevenue": "1982016000",
            "costOfRevenue": "3310202000",
            "costofGoodsAndServicesSold": "None",
            "operatingIncome": "-1882205000",
            "sellingGeneralAndAdministrative": "448522000",
            "researchAndDevelopment": "None",
            "operatingExpenses": "577382000",
            "investmentIncomeNet": "147800000",
            "netInterestIncome": "-7583000",
            "interestIncome": "8216000",
            "interestExpense": "7583000",
            "nonInterestIncome": "2065406000",
            "otherNonOperatingIncome": "None",
            "depreciation": "None",
            "depreciationAndAmortization": "8640000",
            "incomeBeforeTax": "-43622000",
            "incomeTaxExpense": "-60234000",
            "interestAndDebtExpense": "7583000",
            "netIncomeFromContinuingOperations": "16612000",
            "comprehensiveIncomeNetOfTax": "-281291000",
            "ebit": "-36039000",
            "ebitda": "3601000",
            "netIncome": "16612000"
        },
        {
            "fiscalDateEnding": "2019-12-31",
            "reportedCurrency": "USD",
            "grossProfit": "2169591000",
            "totalRevenue": "2214086000",
            "costOfRevenue": "4977393000",
            "costofGoodsAndServicesSold": "1976943000",
            "operatingIncome": "2169591000",
            "sellingGeneralAndAdministrative": "458026000",
            "researchAndDevelopment": "None",
            "operatingExpenses": "576949000",
            "investmentIncomeNet": "146077000",
            "netInterestIncome": "-7721000",
            "interestIncome": "7721000",
            "interestExpense": "7721000",
            "nonInterestIncome": "1948071000",
            "otherNonOperatingIncome": "None",
            "depreciation": "None",
            "depreciationAndAmortization": "7294000",
            "incomeBeforeTax": "219078000",
            "incomeTaxExpense": "1434000",
            "interestAndDebtExpense": "7721000",
            "netIncomeFromContinuingOperations": "2169591000",
            "comprehensiveIncomeNetOfTax": "199525000",
            "ebit": "226799000",
            "ebitda": "234093000",
            "netIncome": "217644000"
        },
        {
            "fiscalDateEnding": "2019-09-30",
            "reportedCurrency": "USD",
            "grossProfit": "-1144404000",
            "totalRevenue": "2042520000",
            "costOfRevenue": "3186924000",
            "costofGoodsAndServicesSold": "1933158000",
            "operatingIncome": "-1736663000",
            "sellingGeneralAndAdministrative": "443076000",
            "researchAndDevelopment": "None",
            "operatingExpenses": "561234000",
            "investmentIncomeNet": "181058000",
            "netInterestIncome": "-7907000",
            "interestIncome": "2325000",
            "interestExpense": "7907000",
            "nonInterestIncome": "1878080000",
            "otherNonOperatingIncome": "None",
            "depreciation": "None",
            "depreciationAndAmortization": "10321000",
            "incomeBeforeTax": "93020000",
            "incomeTaxExpense": "-11378000",
            "interestAndDebtExpense": "7907000",
            "netIncomeFromContinuingOperations": "104398000",
            "comprehensiveIncomeNetOfTax": "195571000",
            "ebit": "100927000",
            "ebitda": "111248000",
            "netIncome": "104398000"
        },
        {
            "fiscalDateEnding": "2019-06-30",
            "reportedCurrency": "USD",
            "grossProfit": "-591235000",
            "totalRevenue": "2008727000",
            "costOfRevenue": "2610210000",
            "costofGoodsAndServicesSold": "1620413000",
            "operatingIncome": "-1124995000",
            "sellingGeneralAndAdministrative": "420950000",
            "researchAndDevelopment": "None",
            "operatingExpenses": "525783000",
            "investmentIncomeNet": "179028000",
            "netInterestIncome": "-8434000",
            "interestIncome": "1422000",
            "interestExpense": "8434000",
            "nonInterestIncome": "2014185000",
            "otherNonOperatingIncome": "None",
            "depreciation": "None",
            "depreciationAndAmortization": "7422000",
            "incomeBeforeTax": "382332000",
            "incomeTaxExpense": "39477000",
            "interestAndDebtExpense": "8434000",
            "netIncomeFromContinuingOperations": "342855000",
            "comprehensiveIncomeNetOfTax": "504077000",
            "ebit": "390766000",
            "ebitda": "388201000",
            "netIncome": "342855000"
        },
        {
            "fiscalDateEnding": "2019-03-31",
            "reportedCurrency": "USD",
            "grossProfit": "-526491000",
            "totalRevenue": "1965836000",
            "costOfRevenue": "2486574000",
            "costofGoodsAndServicesSold": "-1048550000",
            "operatingIncome": "-1024003000",
            "sellingGeneralAndAdministrative": "389474000",
            "researchAndDevelopment": "None",
            "operatingExpenses": "488459000",
            "investmentIncomeNet": "140976000",
            "netInterestIncome": "-7631000",
            "interestIncome": "7631000",
            "interestExpense": "7631000",
            "nonInterestIncome": "1732697000",
            "otherNonOperatingIncome": "3231000",
            "depreciation": "None",
            "depreciationAndAmortization": "5899000",
            "incomeBeforeTax": "408893000",
            "incomeTaxExpense": "59993000",
            "interestAndDebtExpense": "7631000",
            "netIncomeFromContinuingOperations": "348900000",
            "comprehensiveIncomeNetOfTax": "600997000",
            "ebit": "416524000",
            "ebitda": "428074000",
            "netIncome": "348900000"
        },
        {
            "fiscalDateEnding": "2018-12-31",
            "reportedCurrency": "USD",
            "grossProfit": "1818364000",
            "totalRevenue": "1791576000",
            "costOfRevenue": "4423208030",
            "costofGoodsAndServicesSold": "-2001054000",
            "operatingIncome": "1818364000",
            "sellingGeneralAndAdministrative": "419471000",
            "researchAndDevelopment": "None",
            "operatingExpenses": "503687000",
            "investmentIncomeNet": "140204000",
            "netInterestIncome": "-7984000",
            "interestIncome": "None",
            "interestExpense": "7984000",
            "nonInterestIncome": "1850975000",
            "otherNonOperatingIncome": "-4965000",
            "depreciation": "None",
            "depreciationAndAmortization": "4468000",
            "incomeBeforeTax": "-702380000",
            "incomeTaxExpense": "-320106000",
            "interestAndDebtExpense": "7984000",
            "netIncomeFromContinuingOperations": "1818364000",
            "comprehensiveIncomeNetOfTax": "-377553000",
            "ebit": "-694396000",
            "ebitda": "-692967000",
            "netIncome": "-382274000"
        },
        {
            "fiscalDateEnding": "2018-09-30",
            "reportedCurrency": "USD",
            "grossProfit": "-940704000",
            "totalRevenue": "1936463000",
            "costOfRevenue": "2885117000",
            "costofGoodsAndServicesSold": "-1251858000",
            "operatingIncome": "-1425505000",
            "sellingGeneralAndAdministrative": "381401000",
            "researchAndDevelopment": "None",
            "operatingExpenses": "479343000",
            "investmentIncomeNet": "161363000",
            "netInterestIncome": "-7901000",
            "interestIncome": "None",
            "interestExpense": "7901000",
            "nonInterestIncome": "1731479000",
            "otherNonOperatingIncome": "2225000",
            "depreciation": "None",
            "depreciationAndAmortization": "7127000",
            "incomeBeforeTax": "196703000",
            "incomeTaxExpense": "-8910000",
            "interestAndDebtExpense": "7901000",
            "netIncomeFromContinuingOperations": "205613000",
            "comprehensiveIncomeNetOfTax": "173402000",
            "ebit": "204604000",
            "ebitda": "204528000",
            "netIncome": "205613000"
        },
        {
            "fiscalDateEnding": "2018-06-30",
            "reportedCurrency": "USD",
            "grossProfit": "-1173091000",
            "totalRevenue": "1883330000",
            "costOfRevenue": "3066030000",
            "costofGoodsAndServicesSold": "-1341314000",
            "operatingIncome": "-1646556000",
            "sellingGeneralAndAdministrative": "383402000",
            "researchAndDevelopment": "None",
            "operatingExpenses": "476501000",
            "investmentIncomeNet": "141322000",
            "netInterestIncome": "-7728000",
            "interestIncome": "None",
            "interestExpense": "7728000",
            "nonInterestIncome": "1746482000",
            "otherNonOperatingIncome": "2987000",
            "depreciation": "None",
            "depreciationAndAmortization": "8727000",
            "incomeBeforeTax": "60262000",
            "incomeTaxExpense": "-9633000",
            "interestAndDebtExpense": "7728000",
            "netIncomeFromContinuingOperations": "69895000",
            "comprehensiveIncomeNetOfTax": "-42577000",
            "ebit": "67990000",
            "ebitda": "72655000",
            "netIncome": "69895000"
        },
        {
            "fiscalDateEnding": "2018-03-31",
            "reportedCurrency": "USD",
            "grossProfit": "-726836000",
            "totalRevenue": "1750126000",
            "costOfRevenue": "2471993000",
            "costofGoodsAndServicesSold": "-1057177000",
            "operatingIncome": "-1168695000",
            "sellingGeneralAndAdministrative": "357639000",
            "researchAndDevelopment": "None",
            "operatingExpenses": "453923000",
            "investmentIncomeNet": "138294000",
            "netInterestIncome": "-7418000",
            "interestIncome": "None",
            "interestExpense": "7418000",
            "nonInterestIncome": "1594596000",
            "otherNonOperatingIncome": "273000",
            "depreciation": "None",
            "depreciationAndAmortization": "8950000",
            "incomeBeforeTax": "217744000",
            "incomeTaxExpense": "7426000",
            "interestAndDebtExpense": "7418000",
            "netIncomeFromContinuingOperations": "210318000",
            "comprehensiveIncomeNetOfTax": "35304000",
            "ebit": "225162000",
            "ebitda": "233968000",
            "netIncome": "210318000"
        }
    ]
}