{
    "symbol": "REGN",
    "annualReports": [
        {
            "fiscalDateEnding": "2022-12-31",
            "reportedCurrency": "USD",
            "grossProfit": "9724400000",
            "totalRevenue": "12113500000",
            "costOfRevenue": "2389100000",
            "costofGoodsAndServicesSold": "258700000",
            "operatingIncome": "4738900000",
            "sellingGeneralAndAdministrative": "2115900000",
            "researchAndDevelopment": "3592500000",
            "operatingExpenses": "5722900000",
            "investmentIncomeNet": "None",
            "netInterestIncome": "-59400000",
            "interestIncome": "160100000",
            "interestExpense": "59400000",
            "nonInterestIncome": "12172900000",
            "otherNonOperatingIncome": "179300000",
            "depreciation": "None",
            "depreciationAndAmortization": "14500000",
            "incomeBeforeTax": "4858800000",
            "incomeTaxExpense": "520400000",
            "interestAndDebtExpense": "59400000",
            "netIncomeFromContinuingOperations": "4338400000",
            "comprehensiveIncomeNetOfTax": "4125800000",
            "ebit": "4918200000",
            "ebitda": "4932700000",
            "netIncome": "4338400000"
        },
        {
            "fiscalDateEnding": "2021-12-31",
            "reportedCurrency": "USD",
            "grossProfit": "13718000000",
            "totalRevenue": "16014400000",
            "costOfRevenue": "2296400000",
            "costofGoodsAndServicesSold": "457100000",
            "operatingIncome": "8946800000",
            "sellingGeneralAndAdministrative": "1824900000",
            "researchAndDevelopment": "2860100000",
            "operatingExpenses": "4747400000",
            "investmentIncomeNet": "None",
            "netInterestIncome": "-57300000",
            "interestIncome": "None",
            "interestExpense": "57300000",
            "nonInterestIncome": "16071700000",
            "otherNonOperatingIncome": "436300000",
            "depreciation": "None",
            "depreciationAndAmortization": "14400000",
            "incomeBeforeTax": "9325800000",
            "incomeTaxExpense": "1250500000",
            "interestAndDebtExpense": "57300000",
            "netIncomeFromContinuingOperations": "8075300000",
            "comprehensiveIncomeNetOfTax": "8019800000",
            "ebit": "9383100000",
            "ebitda": "9397500000",
            "netIncome": "8075300000"
        },
        {
            "fiscalDateEnding": "2020-12-31",
            "reportedCurrency": "USD",
            "grossProfit": "7040600000",
            "totalRevenue": "8440200000",
            "costOfRevenue": "1399600000",
            "costofGoodsAndServicesSold": "39200000",
            "operatingIncome": "3576600000",
            "sellingGeneralAndAdministrative": "1346000000",
            "researchAndDevelopment": "2647000000",
            "operatingExpenses": "4095400000",
            "investmentIncomeNet": "None",
            "netInterestIncome": "-56900000",
            "interestIncome": "None",
            "interestExpense": "56900000",
            "nonInterestIncome": "8497100000",
            "otherNonOperatingIncome": "290700000",
            "depreciation": "None",
            "depreciationAndAmortization": "14400000",
            "incomeBeforeTax": "3810400000",
            "incomeTaxExpense": "297200000",
            "interestAndDebtExpense": "56900000",
            "netIncomeFromContinuingOperations": "3513200000",
            "comprehensiveIncomeNetOfTax": "3521400000",
            "ebit": "3867300000",
            "ebitda": "3881700000",
            "netIncome": "3513200000"
        },
        {
            "fiscalDateEnding": "2019-12-31",
            "reportedCurrency": "USD",
            "grossProfit": "5910200000",
            "totalRevenue": "7833200000",
            "costOfRevenue": "1923000000",
            "costofGoodsAndServicesSold": "402800000",
            "operatingIncome": "2209800000",
            "sellingGeneralAndAdministrative": "1341900000",
            "researchAndDevelopment": "2450000000",
            "operatingExpenses": "4885800000",
            "investmentIncomeNet": "None",
            "netInterestIncome": "-30200000",
            "interestIncome": "88100000",
            "interestExpense": "30200000",
            "nonInterestIncome": "7863400000",
            "otherNonOperatingIncome": "249500000",
            "depreciation": "None",
            "depreciationAndAmortization": "14400000",
            "incomeBeforeTax": "2429100000",
            "incomeTaxExpense": "313300000",
            "interestAndDebtExpense": "30200000",
            "netIncomeFromContinuingOperations": "2115800000",
            "comprehensiveIncomeNetOfTax": "2149200000",
            "ebit": "2459300000",
            "ebitda": "2473700000",
            "netIncome": "2115800000"
        },
        {
            "fiscalDateEnding": "2018-12-31",
            "reportedCurrency": "USD",
            "grossProfit": "5126400000",
            "totalRevenue": "6682600000",
            "costOfRevenue": "1556200000",
            "costofGoodsAndServicesSold": "237500000",
            "operatingIncome": "2534400000",
            "sellingGeneralAndAdministrative": "1127200000",
            "researchAndDevelopment": "1468800000",
            "operatingExpenses": "3742300000",
            "investmentIncomeNet": "None",
            "netInterestIncome": "-28200000",
            "interestIncome": "13700000",
            "interestExpense": "28200000",
            "nonInterestIncome": "6710800000",
            "otherNonOperatingIncome": "47300000",
            "depreciation": "None",
            "depreciationAndAmortization": "195500000",
            "incomeBeforeTax": "2553500000",
            "incomeTaxExpense": "109100000",
            "interestAndDebtExpense": "28200000",
            "netIncomeFromContinuingOperations": "2444400000",
            "comprehensiveIncomeNetOfTax": "2438100000",
            "ebit": "2581700000",
            "ebitda": "2729900000",
            "netIncome": "2444400000"
        }
    ],
    "quarterlyReports": [
        {
            "fiscalDateEnding": "2022-12-31",
            "reportedCurrency": "USD",
            "grossProfit": "-37600000",
            "totalRevenue": "3397000000",
            "costOfRevenue": "37600000",
            "costofGoodsAndServicesSold": "157400000",
            "operatingIncome": "1146800000",
            "sellingGeneralAndAdministrative": "660500000",
            "researchAndDevelopment": "1043100000",
            "operatingExpenses": "37600000",
            "investmentIncomeNet": "None",
            "netInterestIncome": "-17400000",
            "interestIncome": "None",
            "interestExpense": "17400000",
            "nonInterestIncome": "3414400000",
            "otherNonOperatingIncome": "195300000",
            "depreciation": "None",
            "depreciationAndAmortization": "37600000",
            "incomeBeforeTax": "1324700000",
            "incomeTaxExpense": "127600000",
            "interestAndDebtExpense": "17400000",
            "netIncomeFromContinuingOperations": "-75200000",
            "comprehensiveIncomeNetOfTax": "1233400000",
            "ebit": "1342100000",
            "ebitda": "1379700000",
            "netIncome": "1197100000"
        },
        {
            "fiscalDateEnding": "2022-09-30",
            "reportedCurrency": "USD",
            "grossProfit": "2341500000",
            "totalRevenue": "2920900000",
            "costOfRevenue": "579400000",
            "costofGoodsAndServicesSold": "34700000",
            "operatingIncome": "1223700000",
            "sellingGeneralAndAdministrative": "529100000",
            "researchAndDevelopment": "911300000",
            "operatingExpenses": "1456000000",
            "investmentIncomeNet": "None",
            "netInterestIncome": "-15300000",
            "interestIncome": "None",
            "interestExpense": "15300000",
            "nonInterestIncome": "2936200000",
            "otherNonOperatingIncome": "301400000",
            "depreciation": "None",
            "depreciationAndAmortization": "15600000",
            "incomeBeforeTax": "1509800000",
            "incomeTaxExpense": "194100000",
            "interestAndDebtExpense": "15300000",
            "netIncomeFromContinuingOperations": "1315700000",
            "comprehensiveIncomeNetOfTax": "1264400000",
            "ebit": "1525100000",
            "ebitda": "1540700000",
            "netIncome": "1315700000"
        },
        {
            "fiscalDateEnding": "2022-06-30",
            "reportedCurrency": "USD",
            "grossProfit": "2348600000",
            "totalRevenue": "2844100000",
            "costOfRevenue": "495500000",
            "costofGoodsAndServicesSold": "19200000",
            "operatingIncome": "1109900000",
            "sellingGeneralAndAdministrative": "476300000",
            "researchAndDevelopment": "794300000",
            "operatingExpenses": "1270600000",
            "investmentIncomeNet": "None",
            "netInterestIncome": "-13100000",
            "interestIncome": "None",
            "interestExpense": "13100000",
            "nonInterestIncome": "2857200000",
            "otherNonOperatingIncome": "-133600000",
            "depreciation": "None",
            "depreciationAndAmortization": "137800000",
            "incomeBeforeTax": "963200000",
            "incomeTaxExpense": "111100000",
            "interestAndDebtExpense": "13100000",
            "netIncomeFromContinuingOperations": "852100000",
            "comprehensiveIncomeNetOfTax": "798400000",
            "ebit": "976300000",
            "ebitda": "1247700000",
            "netIncome": "852100000"
        },
        {
            "fiscalDateEnding": "2022-03-31",
            "reportedCurrency": "USD",
            "grossProfit": "2501500000",
            "totalRevenue": "2951500000",
            "costOfRevenue": "450000000",
            "costofGoodsAndServicesSold": "47400000",
            "operatingIncome": "1258500000",
            "sellingGeneralAndAdministrative": "450000000",
            "researchAndDevelopment": "843800000",
            "operatingExpenses": "1293800000",
            "investmentIncomeNet": "None",
            "netInterestIncome": "-13600000",
            "interestIncome": "None",
            "interestExpense": "13600000",
            "nonInterestIncome": "2965100000",
            "otherNonOperatingIncome": "-183800000",
            "depreciation": "None",
            "depreciationAndAmortization": "-81400000",
            "incomeBeforeTax": "1061100000",
            "incomeTaxExpense": "87600000",
            "interestAndDebtExpense": "13600000",
            "netIncomeFromContinuingOperations": "973500000",
            "comprehensiveIncomeNetOfTax": "829600000",
            "ebit": "1074700000",
            "ebitda": "1177100000",
            "netIncome": "973500000"
        },
        {
            "fiscalDateEnding": "2021-12-31",
            "reportedCurrency": "USD",
            "grossProfit": "4094500000",
            "totalRevenue": "4937600000",
            "costOfRevenue": "843100000",
            "costofGoodsAndServicesSold": "269100000",
            "operatingIncome": "2639700000",
            "sellingGeneralAndAdministrative": "559600000",
            "researchAndDevelopment": "737600000",
            "operatingExpenses": "1359600000",
            "investmentIncomeNet": "None",
            "netInterestIncome": "-14100000",
            "interestIncome": "None",
            "interestExpense": "14100000",
            "nonInterestIncome": "4951700000",
            "otherNonOperatingIncome": "-122200000",
            "depreciation": "None",
            "depreciationAndAmortization": "-47700000",
            "incomeBeforeTax": "2503400000",
            "incomeTaxExpense": "274400000",
            "interestAndDebtExpense": "14100000",
            "netIncomeFromContinuingOperations": "2229000000",
            "comprehensiveIncomeNetOfTax": "2193300000",
            "ebit": "2517500000",
            "ebitda": "2592000000",
            "netIncome": "2229000000"
        },
        {
            "fiscalDateEnding": "2021-09-30",
            "reportedCurrency": "USD",
            "grossProfit": "2954900000",
            "totalRevenue": "3438600000",
            "costOfRevenue": "483700000",
            "costofGoodsAndServicesSold": "38700000",
            "operatingIncome": "1847200000",
            "sellingGeneralAndAdministrative": "445000000",
            "researchAndDevelopment": "665400000",
            "operatingExpenses": "1110400000",
            "investmentIncomeNet": "None",
            "netInterestIncome": "-14200000",
            "interestIncome": "None",
            "interestExpense": "14200000",
            "nonInterestIncome": "3452800000",
            "otherNonOperatingIncome": "-16400000",
            "depreciation": "None",
            "depreciationAndAmortization": "56800000",
            "incomeBeforeTax": "1816600000",
            "incomeTaxExpense": "184400000",
            "interestAndDebtExpense": "14200000",
            "netIncomeFromContinuingOperations": "1632200000",
            "comprehensiveIncomeNetOfTax": "1626000000",
            "ebit": "1830800000",
            "ebitda": "1904000000",
            "netIncome": "1632200000"
        },
        {
            "fiscalDateEnding": "2021-06-30",
            "reportedCurrency": "USD",
            "grossProfit": "4569500000",
            "totalRevenue": "5124100000",
            "costOfRevenue": "554600000",
            "costofGoodsAndServicesSold": "139900000",
            "operatingIncome": "3347200000",
            "sellingGeneralAndAdministrative": "414700000",
            "researchAndDevelopment": "714200000",
            "operatingExpenses": "1128900000",
            "investmentIncomeNet": "None",
            "netInterestIncome": "-14400000",
            "interestIncome": "None",
            "interestExpense": "14400000",
            "nonInterestIncome": "5138500000",
            "otherNonOperatingIncome": "420000000",
            "depreciation": "None",
            "depreciationAndAmortization": "491100000",
            "incomeBeforeTax": "3752800000",
            "incomeTaxExpense": "653900000",
            "interestAndDebtExpense": "14400000",
            "netIncomeFromContinuingOperations": "3098900000",
            "comprehensiveIncomeNetOfTax": "3098400000",
            "ebit": "3767200000",
            "ebitda": "3838300000",
            "netIncome": "3098900000"
        },
        {
            "fiscalDateEnding": "2021-03-31",
            "reportedCurrency": "USD",
            "grossProfit": "2108500000",
            "totalRevenue": "2514100000",
            "costOfRevenue": "405600000",
            "costofGoodsAndServicesSold": "9400000",
            "operatingIncome": "1112700000",
            "sellingGeneralAndAdministrative": "405600000",
            "researchAndDevelopment": "742900000",
            "operatingExpenses": "1148500000",
            "investmentIncomeNet": "None",
            "netInterestIncome": "-14600000",
            "interestIncome": "None",
            "interestExpense": "14600000",
            "nonInterestIncome": "2528700000",
            "otherNonOperatingIncome": "154900000",
            "depreciation": "None",
            "depreciationAndAmortization": "222300000",
            "incomeBeforeTax": "1253000000",
            "incomeTaxExpense": "137800000",
            "interestAndDebtExpense": "14600000",
            "netIncomeFromContinuingOperations": "1115200000",
            "comprehensiveIncomeNetOfTax": "1102100000",
            "ebit": "1267600000",
            "ebitda": "1335000000",
            "netIncome": "1115200000"
        },
        {
            "fiscalDateEnding": "2020-12-31",
            "reportedCurrency": "USD",
            "grossProfit": "2422900000",
            "totalRevenue": "2422900000",
            "costOfRevenue": "357100000",
            "costofGoodsAndServicesSold": "15600000",
            "operatingIncome": "1167000000",
            "sellingGeneralAndAdministrative": "303500000",
            "researchAndDevelopment": "656500000",
            "operatingExpenses": "1062400000",
            "investmentIncomeNet": "None",
            "netInterestIncome": "-14800000",
            "interestIncome": "None",
            "interestExpense": "14800000",
            "nonInterestIncome": "2422900000",
            "otherNonOperatingIncome": "72400000",
            "depreciation": "None",
            "depreciationAndAmortization": "134100000",
            "incomeBeforeTax": "1224600000",
            "incomeTaxExpense": "75400000",
            "interestAndDebtExpense": "14800000",
            "netIncomeFromContinuingOperations": "2422900000",
            "comprehensiveIncomeNetOfTax": "1147700000",
            "ebit": "1239400000",
            "ebitda": "1301100000",
            "netIncome": "1149200000"
        },
        {
            "fiscalDateEnding": "2020-09-30",
            "reportedCurrency": "USD",
            "grossProfit": "1940800000",
            "totalRevenue": "2267700000",
            "costOfRevenue": "326900000",
            "costofGoodsAndServicesSold": "11800000",
            "operatingIncome": "1053100000",
            "sellingGeneralAndAdministrative": "326900000",
            "researchAndDevelopment": "684600000",
            "operatingExpenses": "1011500000",
            "investmentIncomeNet": "None",
            "netInterestIncome": "-26300000",
            "interestIncome": "None",
            "interestExpense": "26300000",
            "nonInterestIncome": "2294000000",
            "otherNonOperatingIncome": "-28500000",
            "depreciation": "None",
            "depreciationAndAmortization": "30800000",
            "incomeBeforeTax": "998300000",
            "incomeTaxExpense": "156200000",
            "interestAndDebtExpense": "26300000",
            "netIncomeFromContinuingOperations": "842100000",
            "comprehensiveIncomeNetOfTax": "837400000",
            "ebit": "1024600000",
            "ebitda": "1083900000",
            "netIncome": "842100000"
        },
        {
            "fiscalDateEnding": "2020-06-30",
            "reportedCurrency": "USD",
            "grossProfit": "1594000000",
            "totalRevenue": "1942300000",
            "costOfRevenue": "348300000",
            "costofGoodsAndServicesSold": "275500000",
            "operatingIncome": "656400000",
            "sellingGeneralAndAdministrative": "348300000",
            "researchAndDevelopment": "722000000",
            "operatingExpenses": "1070300000",
            "investmentIncomeNet": "None",
            "netInterestIncome": "-9700000",
            "interestIncome": "None",
            "interestExpense": "9700000",
            "nonInterestIncome": "1952000000",
            "otherNonOperatingIncome": "272200000",
            "depreciation": "None",
            "depreciationAndAmortization": "58800000",
            "incomeBeforeTax": "918900000",
            "incomeTaxExpense": "21600000",
            "interestAndDebtExpense": "9700000",
            "netIncomeFromContinuingOperations": "897300000",
            "comprehensiveIncomeNetOfTax": "941900000",
            "ebit": "928600000",
            "ebitda": "987400000",
            "netIncome": "897300000"
        },
        {
            "fiscalDateEnding": "2020-03-31",
            "reportedCurrency": "USD",
            "grossProfit": "1454800000",
            "totalRevenue": "1822100000",
            "costOfRevenue": "367300000",
            "costofGoodsAndServicesSold": "217300000",
            "operatingIncome": "700100000",
            "sellingGeneralAndAdministrative": "367300000",
            "researchAndDevelopment": "583900000",
            "operatingExpenses": "951200000",
            "investmentIncomeNet": "None",
            "netInterestIncome": "-6100000",
            "interestIncome": "62900000",
            "interestExpense": "6100000",
            "nonInterestIncome": "1828200000",
            "otherNonOperatingIncome": "-25400000",
            "depreciation": "None",
            "depreciationAndAmortization": "30700000",
            "incomeBeforeTax": "668600000",
            "incomeTaxExpense": "44000000",
            "interestAndDebtExpense": "6100000",
            "netIncomeFromContinuingOperations": "624600000",
            "comprehensiveIncomeNetOfTax": "594400000",
            "ebit": "674700000",
            "ebitda": "730800000",
            "netIncome": "624600000"
        },
        {
            "fiscalDateEnding": "2019-12-31",
            "reportedCurrency": "USD",
            "grossProfit": "2169500000",
            "totalRevenue": "2169500000",
            "costOfRevenue": "664200000",
            "costofGoodsAndServicesSold": "223900000",
            "operatingIncome": "675700000",
            "sellingGeneralAndAdministrative": "451800000",
            "researchAndDevelopment": "552400000",
            "operatingExpenses": "1273500000",
            "investmentIncomeNet": "None",
            "netInterestIncome": "-6700000",
            "interestIncome": "53200000",
            "interestExpense": "6700000",
            "nonInterestIncome": "2169500000",
            "otherNonOperatingIncome": "220800000",
            "depreciation": "None",
            "depreciationAndAmortization": "3600000",
            "incomeBeforeTax": "889800000",
            "incomeTaxExpense": "97800000",
            "interestAndDebtExpense": "6700000",
            "netIncomeFromContinuingOperations": "2169500000",
            "comprehensiveIncomeNetOfTax": "796600000",
            "ebit": "896500000",
            "ebitda": "900100000",
            "netIncome": "792000000"
        },
        {
            "fiscalDateEnding": "2019-09-30",
            "reportedCurrency": "USD",
            "grossProfit": "1617100000",
            "totalRevenue": "2040600000",
            "costOfRevenue": "423500000",
            "costofGoodsAndServicesSold": "226600000",
            "operatingIncome": "738500000",
            "sellingGeneralAndAdministrative": "304400000",
            "researchAndDevelopment": "526000000",
            "operatingExpenses": "1086900000",
            "investmentIncomeNet": "None",
            "netInterestIncome": "-7800000",
            "interestIncome": "7900000",
            "interestExpense": "7800000",
            "nonInterestIncome": "2048400000",
            "otherNonOperatingIncome": "37800000",
            "depreciation": "None",
            "depreciationAndAmortization": "3600000",
            "incomeBeforeTax": "768500000",
            "incomeTaxExpense": "98900000",
            "interestAndDebtExpense": "7800000",
            "netIncomeFromContinuingOperations": "669600000",
            "comprehensiveIncomeNetOfTax": "670300000",
            "ebit": "776300000",
            "ebitda": "779900000",
            "netIncome": "669600000"
        },
        {
            "fiscalDateEnding": "2019-06-30",
            "reportedCurrency": "USD",
            "grossProfit": "1504700000",
            "totalRevenue": "1925700000",
            "costOfRevenue": "421000000",
            "costofGoodsAndServicesSold": "152500000",
            "operatingIncome": "315600000",
            "sellingGeneralAndAdministrative": "294600000",
            "researchAndDevelopment": "885500000",
            "operatingExpenses": "1469300000",
            "investmentIncomeNet": "None",
            "netInterestIncome": "-8000000",
            "interestIncome": "124900000",
            "interestExpense": "8000000",
            "nonInterestIncome": "1933700000",
            "otherNonOperatingIncome": "-82900000",
            "depreciation": "None",
            "depreciationAndAmortization": "3700000",
            "incomeBeforeTax": "224700000",
            "incomeTaxExpense": "31600000",
            "interestAndDebtExpense": "8000000",
            "netIncomeFromContinuingOperations": "193100000",
            "comprehensiveIncomeNetOfTax": "206100000",
            "ebit": "232700000",
            "ebitda": "236400000",
            "netIncome": "193100000"
        },
        {
            "fiscalDateEnding": "2019-03-31",
            "reportedCurrency": "USD",
            "grossProfit": "1293300000",
            "totalRevenue": "1704100000",
            "costOfRevenue": "410800000",
            "costofGoodsAndServicesSold": "179200000",
            "operatingIncome": "480000000",
            "sellingGeneralAndAdministrative": "291100000",
            "researchAndDevelopment": "486100000",
            "operatingExpenses": "1052600000",
            "investmentIncomeNet": "None",
            "netInterestIncome": "-7700000",
            "interestIncome": "35100000",
            "interestExpense": "7700000",
            "nonInterestIncome": "1711800000",
            "otherNonOperatingIncome": "73800000",
            "depreciation": "None",
            "depreciationAndAmortization": "3500000",
            "incomeBeforeTax": "546100000",
            "incomeTaxExpense": "85000000",
            "interestAndDebtExpense": "7700000",
            "netIncomeFromContinuingOperations": "461100000",
            "comprehensiveIncomeNetOfTax": "476200000",
            "ebit": "553800000",
            "ebitda": "557300000",
            "netIncome": "461100000"
        },
        {
            "fiscalDateEnding": "2018-12-31",
            "reportedCurrency": "USD",
            "grossProfit": "1927800000",
            "totalRevenue": "1927800000",
            "costOfRevenue": "491314000",
            "costofGoodsAndServicesSold": "117172000",
            "operatingIncome": "718100000",
            "sellingGeneralAndAdministrative": "62300000",
            "researchAndDevelopment": "-116000000",
            "operatingExpenses": "1092567000",
            "investmentIncomeNet": "None",
            "netInterestIncome": "-7349000",
            "interestIncome": "51000",
            "interestExpense": "7400000",
            "nonInterestIncome": "1927800000",
            "otherNonOperatingIncome": "-34500000",
            "depreciation": "None",
            "depreciationAndAmortization": "8217000",
            "incomeBeforeTax": "676200000",
            "incomeTaxExpense": "-144200000",
            "interestAndDebtExpense": "7349000",
            "netIncomeFromContinuingOperations": "1927800000",
            "comprehensiveIncomeNetOfTax": "818600000",
            "ebit": "683600000",
            "ebitda": "726275000",
            "netIncome": "820400000"
        },
        {
            "fiscalDateEnding": "2018-09-30",
            "reportedCurrency": "USD",
            "grossProfit": "1286770000",
            "totalRevenue": "1656002000",
            "costOfRevenue": "369232000",
            "costofGoodsAndServicesSold": "110369000",
            "operatingIncome": "626900000",
            "sellingGeneralAndAdministrative": "369200000",
            "researchAndDevelopment": "557000000",
            "operatingExpenses": "926204000",
            "investmentIncomeNet": "None",
            "netInterestIncome": "-7494000",
            "interestIncome": "-94000",
            "interestExpense": "7400000",
            "nonInterestIncome": "1663496000",
            "otherNonOperatingIncome": "16400000",
            "depreciation": "None",
            "depreciationAndAmortization": "51873000",
            "incomeBeforeTax": "635900000",
            "incomeTaxExpense": "41200000",
            "interestAndDebtExpense": "7494000",
            "netIncomeFromContinuingOperations": "594655000",
            "comprehensiveIncomeNetOfTax": "595700000",
            "ebit": "643300000",
            "ebitda": "678796000",
            "netIncome": "594700000"
        },
        {
            "fiscalDateEnding": "2018-06-30",
            "reportedCurrency": "USD",
            "grossProfit": "1236220000",
            "totalRevenue": "1601104000",
            "costOfRevenue": "364884000",
            "costofGoodsAndServicesSold": "91661000",
            "operatingIncome": "622200000",
            "sellingGeneralAndAdministrative": "364800000",
            "researchAndDevelopment": "529300000",
            "operatingExpenses": "894173000",
            "investmentIncomeNet": "None",
            "netInterestIncome": "-6918000",
            "interestIncome": "-18000",
            "interestExpense": "6900000",
            "nonInterestIncome": "1608022000",
            "otherNonOperatingIncome": "40800000",
            "depreciation": "None",
            "depreciationAndAmortization": "74446000",
            "incomeBeforeTax": "656100000",
            "incomeTaxExpense": "104700000",
            "interestAndDebtExpense": "6918000",
            "netIncomeFromContinuingOperations": "551412000",
            "comprehensiveIncomeNetOfTax": "555400000",
            "ebit": "663000000",
            "ebitda": "696634000",
            "netIncome": "551400000"
        },
        {
            "fiscalDateEnding": "2018-03-31",
            "reportedCurrency": "USD",
            "grossProfit": "1111472000",
            "totalRevenue": "1511485000",
            "costOfRevenue": "400013000",
            "costofGoodsAndServicesSold": "69243000",
            "operatingIncome": "567200000",
            "sellingGeneralAndAdministrative": "330800000",
            "researchAndDevelopment": "498600000",
            "operatingExpenses": "829356000",
            "investmentIncomeNet": "None",
            "netInterestIncome": "-6439000",
            "interestIncome": "-39000",
            "interestExpense": "6400000",
            "nonInterestIncome": "1511500000",
            "otherNonOperatingIncome": "24600000",
            "depreciation": "None",
            "depreciationAndAmortization": "60964000",
            "incomeBeforeTax": "585400000",
            "incomeTaxExpense": "107400000",
            "interestAndDebtExpense": "6439000",
            "netIncomeFromContinuingOperations": "477980000",
            "comprehensiveIncomeNetOfTax": "468300000",
            "ebit": "591800000",
            "ebitda": "628195000",
            "netIncome": "478000000"
        }
    ]
}