{
    "symbol": "RSG",
    "annualReports": [
        {
            "fiscalDateEnding": "2022-12-31",
            "reportedCurrency": "USD",
            "grossProfit": "5728500000",
            "totalRevenue": "15645100000",
            "costOfRevenue": "9916600000",
            "costofGoodsAndServicesSold": "8205000000",
            "operatingIncome": "2391700000",
            "sellingGeneralAndAdministrative": "1454300000",
            "researchAndDevelopment": "None",
            "operatingExpenses": "1753100000",
            "investmentIncomeNet": "3300000",
            "netInterestIncome": "-395600000",
            "interestIncome": "557900000",
            "interestExpense": "395600000",
            "nonInterestIncome": "13511300000",
            "otherNonOperatingIncome": "-2300000",
            "depreciation": "None",
            "depreciationAndAmortization": "69100000",
            "incomeBeforeTax": "1831486000",
            "incomeTaxExpense": "343900000",
            "interestAndDebtExpense": "395600000",
            "netIncomeFromContinuingOperations": "1487600000",
            "comprehensiveIncomeNetOfTax": "1490100000",
            "ebit": "2227086000",
            "ebitda": "3667300000",
            "netIncome": "1487586000"
        },
        {
            "fiscalDateEnding": "2021-12-31",
            "reportedCurrency": "USD",
            "grossProfit": "5174600000",
            "totalRevenue": "13321800000",
            "costOfRevenue": "8147200000",
            "costofGoodsAndServicesSold": "6737700000",
            "operatingIncome": "2076200000",
            "sellingGeneralAndAdministrative": "1195800000",
            "researchAndDevelopment": "None",
            "operatingExpenses": "1429400000",
            "investmentIncomeNet": "2500000",
            "netInterestIncome": "-314600000",
            "interestIncome": "2500000",
            "interestExpense": "314600000",
            "nonInterestIncome": "11295000000",
            "otherNonOperatingIncome": "-500000",
            "depreciation": "None",
            "depreciationAndAmortization": "43900000",
            "incomeBeforeTax": "1573205000",
            "incomeTaxExpense": "282800000",
            "interestAndDebtExpense": "314600000",
            "netIncomeFromContinuingOperations": "1292300000",
            "comprehensiveIncomeNetOfTax": "1288200000",
            "ebit": "1887805000",
            "ebitda": "3155900000",
            "netIncome": "1290405000"
        },
        {
            "fiscalDateEnding": "2020-12-31",
            "reportedCurrency": "USD",
            "grossProfit": "4684900000",
            "totalRevenue": "12031700000",
            "costOfRevenue": "7346800000",
            "costofGoodsAndServicesSold": "6100500000",
            "operatingIncome": "1709100000",
            "sellingGeneralAndAdministrative": "1053000000",
            "researchAndDevelopment": "None",
            "operatingExpenses": "1274100000",
            "investmentIncomeNet": "5200000",
            "netInterestIncome": "-355600000",
            "interestIncome": "468600000",
            "interestExpense": "355600000",
            "nonInterestIncome": "10051700000",
            "otherNonOperatingIncome": "4100000",
            "depreciation": "None",
            "depreciationAndAmortization": "28700000",
            "incomeBeforeTax": "1140300000",
            "incomeTaxExpense": "173100000",
            "interestAndDebtExpense": "457500000",
            "netIncomeFromContinuingOperations": "969600000",
            "comprehensiveIncomeNetOfTax": "952600000",
            "ebit": "1495900000",
            "ebitda": "2647800000",
            "netIncome": "967200000"
        },
        {
            "fiscalDateEnding": "2019-12-31",
            "reportedCurrency": "USD",
            "grossProfit": "4631700000",
            "totalRevenue": "12193000000",
            "costOfRevenue": "7561300000",
            "costofGoodsAndServicesSold": "6298400000",
            "operatingIncome": "1787200000",
            "sellingGeneralAndAdministrative": "1091900000",
            "researchAndDevelopment": "None",
            "operatingExpenses": "1296900000",
            "investmentIncomeNet": "6400000",
            "netInterestIncome": "-392000000",
            "interestIncome": "6400000",
            "interestExpense": "392000000",
            "nonInterestIncome": "10299400000",
            "otherNonOperatingIncome": "6400000",
            "depreciation": "None",
            "depreciationAndAmortization": "26100000",
            "incomeBeforeTax": "1295300000",
            "incomeTaxExpense": "222000000",
            "interestAndDebtExpense": "392000000",
            "netIncomeFromContinuingOperations": "1073800000",
            "comprehensiveIncomeNetOfTax": "1041600000",
            "ebit": "1687300000",
            "ebitda": "1713400000",
            "netIncome": "1073300000"
        },
        {
            "fiscalDateEnding": "2018-12-31",
            "reportedCurrency": "USD",
            "grossProfit": "4441500000",
            "totalRevenue": "11898400000",
            "costOfRevenue": "7450400000",
            "costofGoodsAndServicesSold": "6150000000",
            "operatingIncome": "1735800000",
            "sellingGeneralAndAdministrative": "1059500000",
            "researchAndDevelopment": "None",
            "operatingExpenses": "1335200000",
            "investmentIncomeNet": "1600000",
            "netInterestIncome": "-383800000",
            "interestIncome": "1600000",
            "interestExpense": "383800000",
            "nonInterestIncome": "10040600000",
            "otherNonOperatingIncome": "3400000",
            "depreciation": "None",
            "depreciationAndAmortization": "56800000",
            "incomeBeforeTax": "1320198000",
            "incomeTaxExpense": "283300000",
            "interestAndDebtExpense": "384100000",
            "netIncomeFromContinuingOperations": "1037600000",
            "comprehensiveIncomeNetOfTax": "1045100000",
            "ebit": "1703998000",
            "ebitda": "1760798000",
            "netIncome": "1036898000"
        }
    ],
    "quarterlyReports": [
        {
            "fiscalDateEnding": "2023-03-31",
            "reportedCurrency": "USD",
            "grossProfit": "1521500000",
            "totalRevenue": "4147200000",
            "costOfRevenue": "2625700000",
            "costofGoodsAndServicesSold": "2169500000",
            "operatingIncome": "644100000",
            "sellingGeneralAndAdministrative": "379200000",
            "researchAndDevelopment": "None",
            "operatingExpenses": "464000000",
            "investmentIncomeNet": "1400000",
            "netInterestIncome": "-126700000",
            "interestIncome": "124300000",
            "interestExpense": "126700000",
            "nonInterestIncome": "3580900000",
            "otherNonOperatingIncome": "2500000",
            "depreciation": "None",
            "depreciationAndAmortization": "15100000",
            "incomeBeforeTax": "522100000",
            "incomeTaxExpense": "138200000",
            "interestAndDebtExpense": "126900000",
            "netIncomeFromContinuingOperations": "383900000",
            "comprehensiveIncomeNetOfTax": "386700000",
            "ebit": "648800000",
            "ebitda": "1027700000",
            "netIncome": "383900000"
        },
        {
            "fiscalDateEnding": "2022-12-31",
            "reportedCurrency": "USD",
            "grossProfit": "1484300000",
            "totalRevenue": "4068500000",
            "costOfRevenue": "2584200000",
            "costofGoodsAndServicesSold": "2184600000",
            "operatingIncome": "577200000",
            "sellingGeneralAndAdministrative": "392100000",
            "researchAndDevelopment": "None",
            "operatingExpenses": "413300000",
            "investmentIncomeNet": "1300000",
            "netInterestIncome": "-112900000",
            "interestIncome": "207900000",
            "interestExpense": "112900000",
            "nonInterestIncome": "3529800000",
            "otherNonOperatingIncome": "4200000",
            "depreciation": "None",
            "depreciationAndAmortization": "30500000",
            "incomeBeforeTax": "373186000",
            "incomeTaxExpense": "26400000",
            "interestAndDebtExpense": "112900000",
            "netIncomeFromContinuingOperations": "347000000",
            "comprehensiveIncomeNetOfTax": "345300000",
            "ebit": "486086000",
            "ebitda": "853300000",
            "netIncome": "346786000"
        },
        {
            "fiscalDateEnding": "2022-09-30",
            "reportedCurrency": "USD",
            "grossProfit": "1559700000",
            "totalRevenue": "4153200000",
            "costOfRevenue": "2593500000",
            "costofGoodsAndServicesSold": "2192400000",
            "operatingIncome": "664300000",
            "sellingGeneralAndAdministrative": "362800000",
            "researchAndDevelopment": "None",
            "operatingExpenses": "401100000",
            "investmentIncomeNet": "800000",
            "netInterestIncome": "-105200000",
            "interestIncome": "156200000",
            "interestExpense": "105200000",
            "nonInterestIncome": "3597800000",
            "otherNonOperatingIncome": "-300000",
            "depreciation": "None",
            "depreciationAndAmortization": "14700000",
            "incomeBeforeTax": "507800000",
            "incomeTaxExpense": "90900000",
            "interestAndDebtExpense": "105200000",
            "netIncomeFromContinuingOperations": "416900000",
            "comprehensiveIncomeNetOfTax": "419900000",
            "ebit": "613000000",
            "ebitda": "989200000",
            "netIncome": "416900000"
        },
        {
            "fiscalDateEnding": "2022-06-30",
            "reportedCurrency": "USD",
            "grossProfit": "1473100000",
            "totalRevenue": "3957300000",
            "costOfRevenue": "2484200000",
            "costofGoodsAndServicesSold": "2064400000",
            "operatingIncome": "589600000",
            "sellingGeneralAndAdministrative": "391500000",
            "researchAndDevelopment": "None",
            "operatingExpenses": "419800000",
            "investmentIncomeNet": "700000",
            "netInterestIncome": "-94000000",
            "interestIncome": "700000",
            "interestExpense": "94000000",
            "nonInterestIncome": "3413600000",
            "otherNonOperatingIncome": "-4600000",
            "depreciation": "None",
            "depreciationAndAmortization": "13900000",
            "incomeBeforeTax": "478188000",
            "incomeTaxExpense": "106300000",
            "interestAndDebtExpense": "94000000",
            "netIncomeFromContinuingOperations": "371800000",
            "comprehensiveIncomeNetOfTax": "372000000",
            "ebit": "572188000",
            "ebitda": "935900000",
            "netIncome": "371888000"
        },
        {
            "fiscalDateEnding": "2022-03-31",
            "reportedCurrency": "USD",
            "grossProfit": "1339700000",
            "totalRevenue": "3466100000",
            "costOfRevenue": "2126600000",
            "costofGoodsAndServicesSold": "1763600000",
            "operatingIncome": "560600000",
            "sellingGeneralAndAdministrative": "307800000",
            "researchAndDevelopment": "None",
            "operatingExpenses": "370900000",
            "investmentIncomeNet": "500000",
            "netInterestIncome": "-83500000",
            "interestIncome": "500000",
            "interestExpense": "83500000",
            "nonInterestIncome": "2968800000",
            "otherNonOperatingIncome": "-1600000",
            "depreciation": "None",
            "depreciationAndAmortization": "10000000",
            "incomeBeforeTax": "472300000",
            "incomeTaxExpense": "120300000",
            "interestAndDebtExpense": "83500000",
            "netIncomeFromContinuingOperations": "351900000",
            "comprehensiveIncomeNetOfTax": "353100000",
            "ebit": "555800000",
            "ebitda": "888900000",
            "netIncome": "352000000"
        },
        {
            "fiscalDateEnding": "2021-12-31",
            "reportedCurrency": "USD",
            "grossProfit": "1280000000",
            "totalRevenue": "3469900000",
            "costOfRevenue": "2189900000",
            "costofGoodsAndServicesSold": "1809700000",
            "operatingIncome": "501700000",
            "sellingGeneralAndAdministrative": "315500000",
            "researchAndDevelopment": "None",
            "operatingExpenses": "381400000",
            "investmentIncomeNet": "500000",
            "netInterestIncome": "-79700000",
            "interestIncome": "500000",
            "interestExpense": "79700000",
            "nonInterestIncome": "2952800000",
            "otherNonOperatingIncome": "-1100000",
            "depreciation": "None",
            "depreciationAndAmortization": "20400000",
            "incomeBeforeTax": "276905000",
            "incomeTaxExpense": "-36200000",
            "interestAndDebtExpense": "79700000",
            "netIncomeFromContinuingOperations": "313100000",
            "comprehensiveIncomeNetOfTax": "308100000",
            "ebit": "356605000",
            "ebitda": "677000000",
            "netIncome": "313105000"
        },
        {
            "fiscalDateEnding": "2021-09-30",
            "reportedCurrency": "USD",
            "grossProfit": "1392900000",
            "totalRevenue": "3461300000",
            "costOfRevenue": "2068400000",
            "costofGoodsAndServicesSold": "1744000000",
            "operatingIncome": "564200000",
            "sellingGeneralAndAdministrative": "299000000",
            "researchAndDevelopment": "None",
            "operatingExpenses": "324400000",
            "investmentIncomeNet": "600000",
            "netInterestIncome": "-78100000",
            "interestIncome": "92600000",
            "interestExpense": "78100000",
            "nonInterestIncome": "2933900000",
            "otherNonOperatingIncome": "-900000",
            "depreciation": "None",
            "depreciationAndAmortization": "8500000",
            "incomeBeforeTax": "470200000",
            "incomeTaxExpense": "119900000",
            "interestAndDebtExpense": "78100000",
            "netIncomeFromContinuingOperations": "350800000",
            "comprehensiveIncomeNetOfTax": "351500000",
            "ebit": "548300000",
            "ebitda": "871200000",
            "netIncome": "350300000"
        },
        {
            "fiscalDateEnding": "2021-06-30",
            "reportedCurrency": "USD",
            "grossProfit": "1343000000",
            "totalRevenue": "3333500000",
            "costOfRevenue": "1991000000",
            "costofGoodsAndServicesSold": "1650200000",
            "operatingIncome": "517900000",
            "sellingGeneralAndAdministrative": "315800000",
            "researchAndDevelopment": "None",
            "operatingExpenses": "340300000",
            "investmentIncomeNet": "600000",
            "netInterestIncome": "-78400000",
            "interestIncome": "600000",
            "interestExpense": "78400000",
            "nonInterestIncome": "2812800000",
            "otherNonOperatingIncome": "-300000",
            "depreciation": "None",
            "depreciationAndAmortization": "7700000",
            "incomeBeforeTax": "426465000",
            "incomeTaxExpense": "95400000",
            "interestAndDebtExpense": "78400000",
            "netIncomeFromContinuingOperations": "332000000",
            "comprehensiveIncomeNetOfTax": "331600000",
            "ebit": "504865000",
            "ebitda": "512565000",
            "netIncome": "331065000"
        },
        {
            "fiscalDateEnding": "2021-03-31",
            "reportedCurrency": "USD",
            "grossProfit": "1211300000",
            "totalRevenue": "3057100000",
            "costOfRevenue": "1846300000",
            "costofGoodsAndServicesSold": "1533800000",
            "operatingIncome": "492400000",
            "sellingGeneralAndAdministrative": "265400000",
            "researchAndDevelopment": "None",
            "operatingExpenses": "316300000",
            "investmentIncomeNet": "800000",
            "netInterestIncome": "-78400000",
            "interestIncome": "800000",
            "interestExpense": "78400000",
            "nonInterestIncome": "2596400000",
            "otherNonOperatingIncome": "1800000",
            "depreciation": "None",
            "depreciationAndAmortization": "7300000",
            "incomeBeforeTax": "399600000",
            "incomeTaxExpense": "103700000",
            "interestAndDebtExpense": "78400000",
            "netIncomeFromContinuingOperations": "296400000",
            "comprehensiveIncomeNetOfTax": "297000000",
            "ebit": "478000000",
            "ebitda": "485300000",
            "netIncome": "295900000"
        },
        {
            "fiscalDateEnding": "2020-12-31",
            "reportedCurrency": "USD",
            "grossProfit": "2530700000",
            "totalRevenue": "3044100000",
            "costOfRevenue": "42600000",
            "costofGoodsAndServicesSold": "1547200000",
            "operatingIncome": "432700000",
            "sellingGeneralAndAdministrative": "257700000",
            "researchAndDevelopment": "None",
            "operatingExpenses": "42600000",
            "investmentIncomeNet": "1200000",
            "netInterestIncome": "-78200000",
            "interestIncome": "164400000",
            "interestExpense": "78200000",
            "nonInterestIncome": "2573300000",
            "otherNonOperatingIncome": "400000",
            "depreciation": "None",
            "depreciationAndAmortization": "12900000",
            "incomeBeforeTax": "200500000",
            "incomeTaxExpense": "-35000000",
            "interestAndDebtExpense": "145600000",
            "netIncomeFromContinuingOperations": "415500000",
            "comprehensiveIncomeNetOfTax": "238500000",
            "ebit": "278700000",
            "ebitda": "291600000",
            "netIncome": "235500000"
        },
        {
            "fiscalDateEnding": "2020-09-30",
            "reportedCurrency": "USD",
            "grossProfit": "1231400000",
            "totalRevenue": "3053300000",
            "costOfRevenue": "1822000000",
            "costofGoodsAndServicesSold": "1535400000",
            "operatingIncome": "447900000",
            "sellingGeneralAndAdministrative": "256100000",
            "researchAndDevelopment": "None",
            "operatingExpenses": "286600000",
            "investmentIncomeNet": "500000",
            "netInterestIncome": "-88900000",
            "interestIncome": "96600000",
            "interestExpense": "88900000",
            "nonInterestIncome": "2537600000",
            "otherNonOperatingIncome": "1900000",
            "depreciation": "None",
            "depreciationAndAmortization": "5400000",
            "incomeBeforeTax": "318500000",
            "incomeTaxExpense": "58500000",
            "interestAndDebtExpense": "123400000",
            "netIncomeFromContinuingOperations": "260200000",
            "comprehensiveIncomeNetOfTax": "261000000",
            "ebit": "407400000",
            "ebitda": "412800000",
            "netIncome": "260000000"
        },
        {
            "fiscalDateEnding": "2020-06-30",
            "reportedCurrency": "USD",
            "grossProfit": "1159500000",
            "totalRevenue": "2912600000",
            "costOfRevenue": "1753200000",
            "costofGoodsAndServicesSold": "1467900000",
            "operatingIncome": "395400000",
            "sellingGeneralAndAdministrative": "262100000",
            "researchAndDevelopment": "None",
            "operatingExpenses": "285100000",
            "investmentIncomeNet": "3300000",
            "netInterestIncome": "-91600000",
            "interestIncome": "200000",
            "interestExpense": "91800000",
            "nonInterestIncome": "2454400000",
            "otherNonOperatingIncome": "2600000",
            "depreciation": "None",
            "depreciationAndAmortization": "5100000",
            "incomeBeforeTax": "299300000",
            "incomeTaxExpense": "73800000",
            "interestAndDebtExpense": "91600000",
            "netIncomeFromContinuingOperations": "226300000",
            "comprehensiveIncomeNetOfTax": "226600000",
            "ebit": "391100000",
            "ebitda": "396200000",
            "netIncome": "225500000"
        },
        {
            "fiscalDateEnding": "2020-03-31",
            "reportedCurrency": "USD",
            "grossProfit": "1149400000",
            "totalRevenue": "3021500000",
            "costOfRevenue": "1872100000",
            "costofGoodsAndServicesSold": "1550000000",
            "operatingIncome": "433100000",
            "sellingGeneralAndAdministrative": "277100000",
            "researchAndDevelopment": "None",
            "operatingExpenses": "326900000",
            "investmentIncomeNet": "300000",
            "netInterestIncome": "-96600000",
            "interestIncome": "100000",
            "interestExpense": "96700000",
            "nonInterestIncome": "2553900000",
            "otherNonOperatingIncome": "-900000",
            "depreciation": "None",
            "depreciationAndAmortization": "5300000",
            "incomeBeforeTax": "322100000",
            "incomeTaxExpense": "75800000",
            "interestAndDebtExpense": "96600000",
            "netIncomeFromContinuingOperations": "246800000",
            "comprehensiveIncomeNetOfTax": "226500000",
            "ebit": "418800000",
            "ebitda": "424100000",
            "netIncome": "246300000"
        },
        {
            "fiscalDateEnding": "2019-12-31",
            "reportedCurrency": "USD",
            "grossProfit": "2576700000",
            "totalRevenue": "3046400000",
            "costOfRevenue": "1872500000",
            "costofGoodsAndServicesSold": "1544000000",
            "operatingIncome": "459200000",
            "sellingGeneralAndAdministrative": "285600000",
            "researchAndDevelopment": "None",
            "operatingExpenses": "339100000",
            "investmentIncomeNet": "1000000",
            "netInterestIncome": "-95100000",
            "interestIncome": "1000000",
            "interestExpense": "95100000",
            "nonInterestIncome": "2576700000",
            "otherNonOperatingIncome": "4800000",
            "depreciation": "None",
            "depreciationAndAmortization": "7300000",
            "incomeBeforeTax": "284200000",
            "incomeTaxExpense": "-5100000",
            "interestAndDebtExpense": "95100000",
            "netIncomeFromContinuingOperations": "459200000",
            "comprehensiveIncomeNetOfTax": "302300000",
            "ebit": "379300000",
            "ebitda": "386600000",
            "netIncome": "289300000"
        },
        {
            "fiscalDateEnding": "2019-09-30",
            "reportedCurrency": "USD",
            "grossProfit": "1198600000",
            "totalRevenue": "3135700000",
            "costOfRevenue": "1937200000",
            "costofGoodsAndServicesSold": "1631400000",
            "operatingIncome": "467800000",
            "sellingGeneralAndAdministrative": "275400000",
            "researchAndDevelopment": "None",
            "operatingExpenses": "305800000",
            "investmentIncomeNet": "2000000",
            "netInterestIncome": "-98000000",
            "interestIncome": "2000000",
            "interestExpense": "98000000",
            "nonInterestIncome": "2646900000",
            "otherNonOperatingIncome": "1700000",
            "depreciation": "None",
            "depreciationAndAmortization": "1400000",
            "incomeBeforeTax": "369800000",
            "incomeTaxExpense": "71500000",
            "interestAndDebtExpense": "98000000",
            "netIncomeFromContinuingOperations": "298000000",
            "comprehensiveIncomeNetOfTax": "285900000",
            "ebit": "467800000",
            "ebitda": "469200000",
            "netIncome": "298300000"
        },
        {
            "fiscalDateEnding": "2019-06-30",
            "reportedCurrency": "USD",
            "grossProfit": "1184600000",
            "totalRevenue": "3100700000",
            "costOfRevenue": "1916400000",
            "costofGoodsAndServicesSold": "1617000000",
            "operatingIncome": "437400000",
            "sellingGeneralAndAdministrative": "264500000",
            "researchAndDevelopment": "None",
            "operatingExpenses": "299400000",
            "investmentIncomeNet": "1400000",
            "netInterestIncome": "-98500000",
            "interestIncome": "1400000",
            "interestExpense": "98500000",
            "nonInterestIncome": "2605300000",
            "otherNonOperatingIncome": "-200000",
            "depreciation": "None",
            "depreciationAndAmortization": "1400000",
            "incomeBeforeTax": "329200000",
            "incomeTaxExpense": "77700000",
            "interestAndDebtExpense": "98500000",
            "netIncomeFromContinuingOperations": "250900000",
            "comprehensiveIncomeNetOfTax": "230600000",
            "ebit": "427700000",
            "ebitda": "429100000",
            "netIncome": "251500000"
        },
        {
            "fiscalDateEnding": "2019-03-31",
            "reportedCurrency": "USD",
            "grossProfit": "1087000000",
            "totalRevenue": "2910300000",
            "costOfRevenue": "1823400000",
            "costofGoodsAndServicesSold": "1506100000",
            "operatingIncome": "422800000",
            "sellingGeneralAndAdministrative": "266400000",
            "researchAndDevelopment": "None",
            "operatingExpenses": "324800000",
            "investmentIncomeNet": "1900000",
            "netInterestIncome": "-100400000",
            "interestIncome": "110100000",
            "interestExpense": "100400000",
            "nonInterestIncome": "2470600000",
            "otherNonOperatingIncome": "100000",
            "depreciation": "None",
            "depreciationAndAmortization": "4800000",
            "incomeBeforeTax": "312100000",
            "incomeTaxExpense": "77900000",
            "interestAndDebtExpense": "100400000",
            "netIncomeFromContinuingOperations": "234900000",
            "comprehensiveIncomeNetOfTax": "222800000",
            "ebit": "412500000",
            "ebitda": "417300000",
            "netIncome": "234200000"
        },
        {
            "fiscalDateEnding": "2018-12-31",
            "reportedCurrency": "USD",
            "grossProfit": "2530000000",
            "totalRevenue": "2992800000",
            "costOfRevenue": "1885300000",
            "costofGoodsAndServicesSold": "1525600000",
            "operatingIncome": "483300000",
            "sellingGeneralAndAdministrative": "284500000",
            "researchAndDevelopment": "None",
            "operatingExpenses": "370100000",
            "investmentIncomeNet": "600000",
            "netInterestIncome": "-96500000",
            "interestIncome": "None",
            "interestExpense": "96500000",
            "nonInterestIncome": "2530000000",
            "otherNonOperatingIncome": "100000",
            "depreciation": "None",
            "depreciationAndAmortization": "11400000",
            "incomeBeforeTax": "357200000",
            "incomeTaxExpense": "56200000",
            "interestAndDebtExpense": "96500000",
            "netIncomeFromContinuingOperations": "483300000",
            "comprehensiveIncomeNetOfTax": "275800000",
            "ebit": "453700000",
            "ebitda": "465100000",
            "netIncome": "301000000"
        },
        {
            "fiscalDateEnding": "2018-09-30",
            "reportedCurrency": "USD",
            "grossProfit": "1162300000",
            "totalRevenue": "3037300000",
            "costOfRevenue": "1873200000",
            "costofGoodsAndServicesSold": "1577400000",
            "operatingIncome": "440300000",
            "sellingGeneralAndAdministrative": "260900000",
            "researchAndDevelopment": "None",
            "operatingExpenses": "295800000",
            "investmentIncomeNet": "500000",
            "netInterestIncome": "-96000000",
            "interestIncome": "None",
            "interestExpense": "96000000",
            "nonInterestIncome": "2565700000",
            "otherNonOperatingIncome": "1100000",
            "depreciation": "None",
            "depreciationAndAmortization": "15000000",
            "incomeBeforeTax": "340800000",
            "incomeTaxExpense": "77400000",
            "interestAndDebtExpense": "96000000",
            "netIncomeFromContinuingOperations": "262900000",
            "comprehensiveIncomeNetOfTax": "266600000",
            "ebit": "436800000",
            "ebitda": "451800000",
            "netIncome": "263400000"
        },
        {
            "fiscalDateEnding": "2018-06-30",
            "reportedCurrency": "USD",
            "grossProfit": "1142800000",
            "totalRevenue": "2998900000",
            "costOfRevenue": "1854200000",
            "costofGoodsAndServicesSold": "1577200000",
            "operatingIncome": "408200000",
            "sellingGeneralAndAdministrative": "252900000",
            "researchAndDevelopment": "None",
            "operatingExpenses": "277000000",
            "investmentIncomeNet": "200000",
            "netInterestIncome": "-96500000",
            "interestIncome": "None",
            "interestExpense": "96500000",
            "nonInterestIncome": "2517500000",
            "otherNonOperatingIncome": "1100000",
            "depreciation": "None",
            "depreciationAndAmortization": "15200000",
            "incomeBeforeTax": "311800000",
            "incomeTaxExpense": "76900000",
            "interestAndDebtExpense": "96800000",
            "netIncomeFromContinuingOperations": "235700000",
            "comprehensiveIncomeNetOfTax": "246000000",
            "ebit": "408300000",
            "ebitda": "423500000",
            "netIncome": "234900000"
        }
    ]
}