{
    "symbol": "STLD",
    "annualReports": [
        {
            "fiscalDateEnding": "2022-12-31",
            "reportedCurrency": "USD",
            "grossProfit": "6117831000",
            "totalRevenue": "22260774000",
            "costOfRevenue": "16142943000",
            "costofGoodsAndServicesSold": "16142943000",
            "operatingIncome": "5091822000",
            "sellingGeneralAndAdministrative": "1067372000",
            "researchAndDevelopment": "None",
            "operatingExpenses": "1095209000",
            "investmentIncomeNet": "None",
            "netInterestIncome": "-91538000",
            "interestIncome": "None",
            "interestExpense": "91538000",
            "nonInterestIncome": "21469251000",
            "otherNonOperatingIncome": "20785000",
            "depreciation": "349400000",
            "depreciationAndAmortization": "27837000",
            "incomeBeforeTax": "5004251000",
            "incomeTaxExpense": "1141577000",
            "interestAndDebtExpense": "91538000",
            "netIncomeFromContinuingOperations": "3879492000",
            "comprehensiveIncomeNetOfTax": "3865654000",
            "ebit": "5091822000",
            "ebitda": "5123626000",
            "netIncome": "3862674000"
        },
        {
            "fiscalDateEnding": "2021-12-31",
            "reportedCurrency": "USD",
            "grossProfit": "5362424000",
            "totalRevenue": "18408850000",
            "costOfRevenue": "13046426000",
            "costofGoodsAndServicesSold": "13046426000",
            "operatingIncome": "4301105000",
            "sellingGeneralAndAdministrative": "1112287000",
            "researchAndDevelopment": "None",
            "operatingExpenses": "1141519000",
            "investmentIncomeNet": "None",
            "netInterestIncome": "-57209000",
            "interestIncome": "None",
            "interestExpense": "57209000",
            "nonInterestIncome": "18376743000",
            "otherNonOperatingIncome": "-34826000",
            "depreciation": "311400000",
            "depreciationAndAmortization": "29232000",
            "incomeBeforeTax": "4176322000",
            "incomeTaxExpense": "962256000",
            "interestAndDebtExpense": "57209000",
            "netIncomeFromContinuingOperations": "3246814000",
            "comprehensiveIncomeNetOfTax": "3210073000",
            "ebit": "4301105000",
            "ebitda": "4262763000",
            "netIncome": "3214066000"
        },
        {
            "fiscalDateEnding": "2020-12-31",
            "reportedCurrency": "USD",
            "grossProfit": "1434728000",
            "totalRevenue": "9601482000",
            "costOfRevenue": "8166754000",
            "costofGoodsAndServicesSold": "8166754000",
            "operatingIncome": "847142000",
            "sellingGeneralAndAdministrative": "589878000",
            "researchAndDevelopment": "None",
            "operatingExpenses": "638286000",
            "investmentIncomeNet": "None",
            "netInterestIncome": "-94877000",
            "interestIncome": "None",
            "interestExpense": "94877000",
            "nonInterestIncome": "9587691000",
            "otherNonOperatingIncome": "-46787000",
            "depreciation": "290500000",
            "depreciationAndAmortization": "28999000",
            "incomeBeforeTax": "685472000",
            "incomeTaxExpense": "134650000",
            "interestAndDebtExpense": "94877000",
            "netIncomeFromContinuingOperations": "570828000",
            "comprehensiveIncomeNetOfTax": "552731000",
            "ebit": "847142000",
            "ebitda": "809348000",
            "netIncome": "550822000"
        },
        {
            "fiscalDateEnding": "2019-12-31",
            "reportedCurrency": "USD",
            "grossProfit": "1530984000",
            "totalRevenue": "10464991000",
            "costOfRevenue": "8934007000",
            "costofGoodsAndServicesSold": "8934007000",
            "operatingIncome": "986880000",
            "sellingGeneralAndAdministrative": "557827000",
            "researchAndDevelopment": "None",
            "operatingExpenses": "587404000",
            "investmentIncomeNet": "None",
            "netInterestIncome": "-127104000",
            "interestIncome": "127104000",
            "interestExpense": "127104000",
            "nonInterestIncome": "10451132000",
            "otherNonOperatingIncome": "15561000",
            "depreciation": "285600000",
            "depreciationAndAmortization": "29577000",
            "incomeBeforeTax": "868540000",
            "incomeTaxExpense": "197437000",
            "interestAndDebtExpense": "127104000",
            "netIncomeFromContinuingOperations": "677900000",
            "comprehensiveIncomeNetOfTax": "670795000",
            "ebit": "986880000",
            "ebitda": "1025221000",
            "netIncome": "671103000"
        },
        {
            "fiscalDateEnding": "2018-12-31",
            "reportedCurrency": "USD",
            "grossProfit": "2322814000",
            "totalRevenue": "11821839000",
            "costOfRevenue": "9499025000",
            "costofGoodsAndServicesSold": "9499025000",
            "operatingIncome": "1722409000",
            "sellingGeneralAndAdministrative": "600405000",
            "researchAndDevelopment": "None",
            "operatingExpenses": "628185000",
            "investmentIncomeNet": "None",
            "netInterestIncome": "-126620000",
            "interestIncome": "126620000",
            "interestExpense": "126620000",
            "nonInterestIncome": "11801609000",
            "otherNonOperatingIncome": "23985000",
            "depreciation": "283300000",
            "depreciationAndAmortization": "27780000",
            "incomeBeforeTax": "1622348000",
            "incomeTaxExpense": "363969000",
            "interestAndDebtExpense": "126620000",
            "netIncomeFromContinuingOperations": "1255805000",
            "comprehensiveIncomeNetOfTax": "1258680000",
            "ebit": "1722409000",
            "ebitda": "1776748000",
            "netIncome": "1258379000"
        }
    ],
    "quarterlyReports": [
        {
            "fiscalDateEnding": "2022-12-31",
            "reportedCurrency": "USD",
            "grossProfit": "987547000",
            "totalRevenue": "4826287000",
            "costOfRevenue": "3838740000",
            "costofGoodsAndServicesSold": "3838740000",
            "operatingIncome": "759048000",
            "sellingGeneralAndAdministrative": "291020000",
            "researchAndDevelopment": "None",
            "operatingExpenses": "297699000",
            "investmentIncomeNet": "None",
            "netInterestIncome": "-23855000",
            "interestIncome": "None",
            "interestExpense": "23855000",
            "nonInterestIncome": "4655200000",
            "otherNonOperatingIncome": "23257000",
            "depreciation": "None",
            "depreciationAndAmortization": "6679000",
            "incomeBeforeTax": "754303000",
            "incomeTaxExpense": "119439000",
            "interestAndDebtExpense": "23855000",
            "netIncomeFromContinuingOperations": "639011000",
            "comprehensiveIncomeNetOfTax": "638501000",
            "ebit": "759048000",
            "ebitda": "784837000",
            "netIncome": "634864000"
        },
        {
            "fiscalDateEnding": "2022-09-30",
            "reportedCurrency": "USD",
            "grossProfit": "1464429000",
            "totalRevenue": "5651707000",
            "costOfRevenue": "4187278000",
            "costofGoodsAndServicesSold": "4187278000",
            "operatingIncome": "1219844000",
            "sellingGeneralAndAdministrative": "237749000",
            "researchAndDevelopment": "None",
            "operatingExpenses": "244585000",
            "investmentIncomeNet": "None",
            "netInterestIncome": "-25347000",
            "interestIncome": "None",
            "interestExpense": "25347000",
            "nonInterestIncome": "5438747000",
            "otherNonOperatingIncome": "13975000",
            "depreciation": "None",
            "depreciationAndAmortization": "6836000",
            "incomeBeforeTax": "1204322000",
            "incomeTaxExpense": "289997000",
            "interestAndDebtExpense": "25347000",
            "netIncomeFromContinuingOperations": "918475000",
            "comprehensiveIncomeNetOfTax": "916576000",
            "ebit": "1219844000",
            "ebitda": "1236505000",
            "netIncome": "914325000"
        },
        {
            "fiscalDateEnding": "2022-06-30",
            "reportedCurrency": "USD",
            "grossProfit": "1883342000",
            "totalRevenue": "6212878000",
            "costOfRevenue": "4329536000",
            "costofGoodsAndServicesSold": "4329536000",
            "operatingIncome": "1618063000",
            "sellingGeneralAndAdministrative": "258119000",
            "researchAndDevelopment": "None",
            "operatingExpenses": "265279000",
            "investmentIncomeNet": "None",
            "netInterestIncome": "-25667000",
            "interestIncome": "None",
            "interestExpense": "25667000",
            "nonInterestIncome": "5964503000",
            "otherNonOperatingIncome": "4021000",
            "depreciation": "None",
            "depreciationAndAmortization": "7160000",
            "incomeBeforeTax": "1591319000",
            "incomeTaxExpense": "381765000",
            "interestAndDebtExpense": "25667000",
            "netIncomeFromContinuingOperations": "1214652000",
            "comprehensiveIncomeNetOfTax": "1195259000",
            "ebit": "1618063000",
            "ebitda": "1624146000",
            "netIncome": "1209554000"
        },
        {
            "fiscalDateEnding": "2022-03-31",
            "reportedCurrency": "USD",
            "grossProfit": "1782513000",
            "totalRevenue": "5569902000",
            "costOfRevenue": "3787389000",
            "costofGoodsAndServicesSold": "3787389000",
            "operatingIncome": "1494867000",
            "sellingGeneralAndAdministrative": "280484000",
            "researchAndDevelopment": "None",
            "operatingExpenses": "287646000",
            "investmentIncomeNet": "None",
            "netInterestIncome": "-16669000",
            "interestIncome": "None",
            "interestExpense": "16669000",
            "nonInterestIncome": "5410801000",
            "otherNonOperatingIncome": "-20468000",
            "depreciation": "None",
            "depreciationAndAmortization": "7162000",
            "incomeBeforeTax": "1454307000",
            "incomeTaxExpense": "350376000",
            "interestAndDebtExpense": "16669000",
            "netIncomeFromContinuingOperations": "1107354000",
            "comprehensiveIncomeNetOfTax": "1115318000",
            "ebit": "1494867000",
            "ebitda": "1478138000",
            "netIncome": "1103931000"
        },
        {
            "fiscalDateEnding": "2021-12-31",
            "reportedCurrency": "USD",
            "grossProfit": "1761837000",
            "totalRevenue": "5310657000",
            "costOfRevenue": "3548820000",
            "costofGoodsAndServicesSold": "3548820000",
            "operatingIncome": "1429126000",
            "sellingGeneralAndAdministrative": "405733000",
            "researchAndDevelopment": "None",
            "operatingExpenses": "412911000",
            "investmentIncomeNet": "None",
            "netInterestIncome": "-12338000",
            "interestIncome": "None",
            "interestExpense": "12338000",
            "nonInterestIncome": "5304086000",
            "otherNonOperatingIncome": "-7940000",
            "depreciation": "None",
            "depreciationAndAmortization": "7178000",
            "incomeBeforeTax": "1403656000",
            "incomeTaxExpense": "313151000",
            "interestAndDebtExpense": "12338000",
            "netIncomeFromContinuingOperations": "1095697000",
            "comprehensiveIncomeNetOfTax": "1077831000",
            "ebit": "1429126000",
            "ebitda": "1423172000",
            "netIncome": "1090505000"
        },
        {
            "fiscalDateEnding": "2021-09-30",
            "reportedCurrency": "USD",
            "grossProfit": "1600629000",
            "totalRevenue": "5088288000",
            "costOfRevenue": "3487659000",
            "costofGoodsAndServicesSold": "3487659000",
            "operatingIncome": "1322045000",
            "sellingGeneralAndAdministrative": "271406000",
            "researchAndDevelopment": "None",
            "operatingExpenses": "278584000",
            "investmentIncomeNet": "None",
            "netInterestIncome": "-12704000",
            "interestIncome": "None",
            "interestExpense": "12704000",
            "nonInterestIncome": "5081476000",
            "otherNonOperatingIncome": "-6776000",
            "depreciation": "None",
            "depreciationAndAmortization": "7178000",
            "incomeBeforeTax": "1293169000",
            "incomeTaxExpense": "302406000",
            "interestAndDebtExpense": "12704000",
            "netIncomeFromContinuingOperations": "1000159000",
            "comprehensiveIncomeNetOfTax": "969002000",
            "ebit": "1322045000",
            "ebitda": "1313051000",
            "netIncome": "990763000"
        },
        {
            "fiscalDateEnding": "2021-06-30",
            "reportedCurrency": "USD",
            "grossProfit": "1199692000",
            "totalRevenue": "4465308000",
            "costOfRevenue": "3265616000",
            "costofGoodsAndServicesSold": "3265616000",
            "operatingIncome": "955735000",
            "sellingGeneralAndAdministrative": "236519000",
            "researchAndDevelopment": "None",
            "operatingExpenses": "243957000",
            "investmentIncomeNet": "None",
            "netInterestIncome": "-14898000",
            "interestIncome": "None",
            "interestExpense": "14898000",
            "nonInterestIncome": "4453556000",
            "otherNonOperatingIncome": "-10039000",
            "depreciation": "None",
            "depreciationAndAmortization": "7438000",
            "incomeBeforeTax": "920886000",
            "incomeTaxExpense": "218595000",
            "interestAndDebtExpense": "14898000",
            "netIncomeFromContinuingOperations": "712203000",
            "comprehensiveIncomeNetOfTax": "728968000",
            "ebit": "955735000",
            "ebitda": "943222000",
            "netIncome": "702291000"
        },
        {
            "fiscalDateEnding": "2021-03-31",
            "reportedCurrency": "USD",
            "grossProfit": "800266000",
            "totalRevenue": "3544597000",
            "costOfRevenue": "2744331000",
            "costofGoodsAndServicesSold": "2744331000",
            "operatingIncome": "594199000",
            "sellingGeneralAndAdministrative": "198629000",
            "researchAndDevelopment": "None",
            "operatingExpenses": "206067000",
            "investmentIncomeNet": "None",
            "netInterestIncome": "-17269000",
            "interestIncome": "None",
            "interestExpense": "17269000",
            "nonInterestIncome": "3537625000",
            "otherNonOperatingIncome": "-10071000",
            "depreciation": "None",
            "depreciationAndAmortization": "7438000",
            "incomeBeforeTax": "558611000",
            "incomeTaxExpense": "128104000",
            "interestAndDebtExpense": "17269000",
            "netIncomeFromContinuingOperations": "438755000",
            "comprehensiveIncomeNetOfTax": "434272000",
            "ebit": "594199000",
            "ebitda": "583318000",
            "netIncome": "430507000"
        },
        {
            "fiscalDateEnding": "2020-12-31",
            "reportedCurrency": "USD",
            "grossProfit": "442253000",
            "totalRevenue": "2601245000",
            "costOfRevenue": "2158992000",
            "costofGoodsAndServicesSold": "2158992000",
            "operatingIncome": "258750000",
            "sellingGeneralAndAdministrative": "207122000",
            "researchAndDevelopment": "None",
            "operatingExpenses": "234203000",
            "investmentIncomeNet": "None",
            "netInterestIncome": "-20206000",
            "interestIncome": "None",
            "interestExpense": "20206000",
            "nonInterestIncome": "2595959000",
            "otherNonOperatingIncome": "-17727000",
            "depreciation": "None",
            "depreciationAndAmortization": "7672000",
            "incomeBeforeTax": "220817000",
            "incomeTaxExpense": "23867000",
            "interestAndDebtExpense": "20206000",
            "netIncomeFromContinuingOperations": "258750000",
            "comprehensiveIncomeNetOfTax": "189650000",
            "ebit": "258750000",
            "ebitda": "248695000",
            "netIncome": "196950000"
        },
        {
            "fiscalDateEnding": "2020-09-30",
            "reportedCurrency": "USD",
            "grossProfit": "292815000",
            "totalRevenue": "2330832000",
            "costOfRevenue": "2038017000",
            "costofGoodsAndServicesSold": "2038017000",
            "operatingIncome": "155856000",
            "sellingGeneralAndAdministrative": "130013000",
            "researchAndDevelopment": "None",
            "operatingExpenses": "136959000",
            "investmentIncomeNet": "None",
            "netInterestIncome": "-18950000",
            "interestIncome": "None",
            "interestExpense": "18950000",
            "nonInterestIncome": "2327224000",
            "otherNonOperatingIncome": "-3546000",
            "depreciation": "None",
            "depreciationAndAmortization": "6946000",
            "incomeBeforeTax": "129226000",
            "incomeTaxExpense": "29083000",
            "interestAndDebtExpense": "18950000",
            "netIncomeFromContinuingOperations": "104277000",
            "comprehensiveIncomeNetOfTax": "100022000",
            "ebit": "155856000",
            "ebitda": "155122000",
            "netIncome": "100143000"
        },
        {
            "fiscalDateEnding": "2020-06-30",
            "reportedCurrency": "USD",
            "grossProfit": "284431000",
            "totalRevenue": "2094305000",
            "costOfRevenue": "1809874000",
            "costofGoodsAndServicesSold": "1809874000",
            "operatingIncome": "158850000",
            "sellingGeneralAndAdministrative": "118391000",
            "researchAndDevelopment": "None",
            "operatingExpenses": "125581000",
            "investmentIncomeNet": "None",
            "netInterestIncome": "-27702000",
            "interestIncome": "27702000",
            "interestExpense": "27702000",
            "nonInterestIncome": "2092964000",
            "otherNonOperatingIncome": "-28103000",
            "depreciation": "None",
            "depreciationAndAmortization": "7190000",
            "incomeBeforeTax": "99776000",
            "incomeTaxExpense": "24280000",
            "interestAndDebtExpense": "27702000",
            "netIncomeFromContinuingOperations": "78765000",
            "comprehensiveIncomeNetOfTax": "75682000",
            "ebit": "158850000",
            "ebitda": "134668000",
            "netIncome": "75496000"
        },
        {
            "fiscalDateEnding": "2020-03-31",
            "reportedCurrency": "USD",
            "grossProfit": "415229000",
            "totalRevenue": "2575100000",
            "costOfRevenue": "2159871000",
            "costofGoodsAndServicesSold": "2159871000",
            "operatingIncome": "273686000",
            "sellingGeneralAndAdministrative": "134352000",
            "researchAndDevelopment": "None",
            "operatingExpenses": "141543000",
            "investmentIncomeNet": "None",
            "netInterestIncome": "-28019000",
            "interestIncome": "28019000",
            "interestExpense": "28019000",
            "nonInterestIncome": "2571544000",
            "otherNonOperatingIncome": "2589000",
            "depreciation": "None",
            "depreciationAndAmortization": "7191000",
            "incomeBeforeTax": "244760000",
            "incomeTaxExpense": "57420000",
            "interestAndDebtExpense": "28019000",
            "netIncomeFromContinuingOperations": "190836000",
            "comprehensiveIncomeNetOfTax": "187377000",
            "ebit": "273686000",
            "ebitda": "279970000",
            "netIncome": "187340000"
        },
        {
            "fiscalDateEnding": "2019-12-31",
            "reportedCurrency": "USD",
            "grossProfit": "316409000",
            "totalRevenue": "2350196000",
            "costOfRevenue": "2033787000",
            "costofGoodsAndServicesSold": "2033787000",
            "operatingIncome": "181961000",
            "sellingGeneralAndAdministrative": "148171000",
            "researchAndDevelopment": "None",
            "operatingExpenses": "157018000",
            "investmentIncomeNet": "None",
            "netInterestIncome": "-32322000",
            "interestIncome": "32322000",
            "interestExpense": "32322000",
            "nonInterestIncome": "2347003000",
            "otherNonOperatingIncome": "424000",
            "depreciation": "None",
            "depreciationAndAmortization": "8847000",
            "incomeBeforeTax": "150063000",
            "incomeTaxExpense": "26344000",
            "interestAndDebtExpense": "32322000",
            "netIncomeFromContinuingOperations": "181961000",
            "comprehensiveIncomeNetOfTax": "121379000",
            "ebit": "181961000",
            "ebitda": "191232000",
            "netIncome": "123719000"
        },
        {
            "fiscalDateEnding": "2019-09-30",
            "reportedCurrency": "USD",
            "grossProfit": "359839000",
            "totalRevenue": "2526845000",
            "costOfRevenue": "2167006000",
            "costofGoodsAndServicesSold": "2167006000",
            "operatingIncome": "228045000",
            "sellingGeneralAndAdministrative": "131794000",
            "researchAndDevelopment": "None",
            "operatingExpenses": "138498000",
            "investmentIncomeNet": "None",
            "netInterestIncome": "-31339000",
            "interestIncome": "31339000",
            "interestExpense": "31339000",
            "nonInterestIncome": "2523279000",
            "otherNonOperatingIncome": "4545000",
            "depreciation": "None",
            "depreciationAndAmortization": "6704000",
            "incomeBeforeTax": "199691000",
            "incomeTaxExpense": "48643000",
            "interestAndDebtExpense": "31339000",
            "netIncomeFromContinuingOperations": "152608000",
            "comprehensiveIncomeNetOfTax": "151009000",
            "ebit": "228045000",
            "ebitda": "237734000",
            "netIncome": "151048000"
        },
        {
            "fiscalDateEnding": "2019-06-30",
            "reportedCurrency": "USD",
            "grossProfit": "421166000",
            "totalRevenue": "2770515000",
            "costOfRevenue": "2349349000",
            "costofGoodsAndServicesSold": "2349349000",
            "operatingIncome": "285032000",
            "sellingGeneralAndAdministrative": "136134000",
            "researchAndDevelopment": "None",
            "operatingExpenses": "143147000",
            "investmentIncomeNet": "None",
            "netInterestIncome": "-32321000",
            "interestIncome": "32321000",
            "interestExpense": "32321000",
            "nonInterestIncome": "2766364000",
            "otherNonOperatingIncome": "4249000",
            "depreciation": "None",
            "depreciationAndAmortization": "7013000",
            "incomeBeforeTax": "254516000",
            "incomeTaxExpense": "60214000",
            "interestAndDebtExpense": "32321000",
            "netIncomeFromContinuingOperations": "196746000",
            "comprehensiveIncomeNetOfTax": "194250000",
            "ebit": "285032000",
            "ebitda": "293850000",
            "netIncome": "194302000"
        },
        {
            "fiscalDateEnding": "2019-03-31",
            "reportedCurrency": "USD",
            "grossProfit": "433570000",
            "totalRevenue": "2817435000",
            "costOfRevenue": "2383865000",
            "costofGoodsAndServicesSold": "2383865000",
            "operatingIncome": "291842000",
            "sellingGeneralAndAdministrative": "141728000",
            "researchAndDevelopment": "None",
            "operatingExpenses": "148741000",
            "investmentIncomeNet": "None",
            "netInterestIncome": "-31122000",
            "interestIncome": "None",
            "interestExpense": "31122000",
            "nonInterestIncome": "2814486000",
            "otherNonOperatingIncome": "6343000",
            "depreciation": "None",
            "depreciationAndAmortization": "7013000",
            "incomeBeforeTax": "266564000",
            "incomeTaxExpense": "62236000",
            "interestAndDebtExpense": "31122000",
            "netIncomeFromContinuingOperations": "204827000",
            "comprehensiveIncomeNetOfTax": "204157000",
            "ebit": "291842000",
            "ebitda": "304699000",
            "netIncome": "204328000"
        },
        {
            "fiscalDateEnding": "2018-12-31",
            "reportedCurrency": "USD",
            "grossProfit": "521235000",
            "totalRevenue": "2903892000",
            "costOfRevenue": "2382657000",
            "costofGoodsAndServicesSold": "2382657000",
            "operatingIncome": "365553000",
            "sellingGeneralAndAdministrative": "155682000",
            "researchAndDevelopment": "None",
            "operatingExpenses": "163116000",
            "investmentIncomeNet": "None",
            "netInterestIncome": "-31652000",
            "interestIncome": "None",
            "interestExpense": "31652000",
            "nonInterestIncome": "2899584000",
            "otherNonOperatingIncome": "7384000",
            "depreciation": "None",
            "depreciationAndAmortization": "7434000",
            "incomeBeforeTax": "341285000",
            "incomeTaxExpense": "71433000",
            "interestAndDebtExpense": "31652000",
            "netIncomeFromContinuingOperations": "365553000",
            "comprehensiveIncomeNetOfTax": "270347000",
            "ebit": "365553000",
            "ebitda": "380371000",
            "netIncome": "269852000"
        },
        {
            "fiscalDateEnding": "2018-09-30",
            "reportedCurrency": "USD",
            "grossProfit": "686081000",
            "totalRevenue": "3223547000",
            "costOfRevenue": "2537466000",
            "costofGoodsAndServicesSold": "2537466000",
            "operatingIncome": "531572000",
            "sellingGeneralAndAdministrative": "154509000",
            "researchAndDevelopment": "None",
            "operatingExpenses": "161100000",
            "investmentIncomeNet": "None",
            "netInterestIncome": "-31560000",
            "interestIncome": "None",
            "interestExpense": "31560000",
            "nonInterestIncome": "3220891000",
            "otherNonOperatingIncome": "7103000",
            "depreciation": "None",
            "depreciationAndAmortization": "6591000",
            "incomeBeforeTax": "507584000",
            "incomeTaxExpense": "109209000",
            "interestAndDebtExpense": "31560000",
            "netIncomeFromContinuingOperations": "397906000",
            "comprehensiveIncomeNetOfTax": "398438000",
            "ebit": "531572000",
            "ebitda": "545735000",
            "netIncome": "398375000"
        },
        {
            "fiscalDateEnding": "2018-06-30",
            "reportedCurrency": "USD",
            "grossProfit": "652082000",
            "totalRevenue": "3090525000",
            "costOfRevenue": "2438443000",
            "costofGoodsAndServicesSold": "2438443000",
            "operatingIncome": "501887000",
            "sellingGeneralAndAdministrative": "150195000",
            "researchAndDevelopment": "None",
            "operatingExpenses": "157024000",
            "investmentIncomeNet": "None",
            "netInterestIncome": "-31512000",
            "interestIncome": "None",
            "interestExpense": "31512000",
            "nonInterestIncome": "3083822000",
            "otherNonOperatingIncome": "5035000",
            "depreciation": "None",
            "depreciationAndAmortization": "6829000",
            "incomeBeforeTax": "475287000",
            "incomeTaxExpense": "112838000",
            "interestAndDebtExpense": "31512000",
            "netIncomeFromContinuingOperations": "362572000",
            "comprehensiveIncomeNetOfTax": "362344000",
            "ebit": "501887000",
            "ebitda": "513628000",
            "netIncome": "362449000"
        },
        {
            "fiscalDateEnding": "2018-03-31",
            "reportedCurrency": "USD",
            "grossProfit": "463416000",
            "totalRevenue": "2603875000",
            "costOfRevenue": "2140459000",
            "costofGoodsAndServicesSold": "2140459000",
            "operatingIncome": "323397000",
            "sellingGeneralAndAdministrative": "140019000",
            "researchAndDevelopment": "None",
            "operatingExpenses": "146945000",
            "investmentIncomeNet": "None",
            "netInterestIncome": "-31896000",
            "interestIncome": "None",
            "interestExpense": "31896000",
            "nonInterestIncome": "2597312000",
            "otherNonOperatingIncome": "4463000",
            "depreciation": "None",
            "depreciationAndAmortization": "6926000",
            "incomeBeforeTax": "298040000",
            "incomeTaxExpense": "70489000",
            "interestAndDebtExpense": "31896000",
            "netIncomeFromContinuingOperations": "225475000",
            "comprehensiveIncomeNetOfTax": "227551000",
            "ebit": "323397000",
            "ebitda": "336862000",
            "netIncome": "227551000"
        }
    ]
}