{
    "symbol": "TDY",
    "annualReports": [
        {
            "fiscalDateEnding": "2022-12-31",
            "reportedCurrency": "USD",
            "grossProfit": "774200000",
            "totalRevenue": "5379900000",
            "costOfRevenue": "4605700000",
            "costofGoodsAndServicesSold": "3128300000",
            "operatingIncome": "972000000",
            "sellingGeneralAndAdministrative": "1156600000",
            "researchAndDevelopment": "None",
            "operatingExpenses": "1488800000",
            "investmentIncomeNet": "None",
            "netInterestIncome": "-89300000",
            "interestIncome": "89300000",
            "interestExpense": "89300000",
            "nonInterestIncome": "5469200000",
            "otherNonOperatingIncome": "3400000",
            "depreciation": "129800000",
            "depreciationAndAmortization": "332200000",
            "incomeBeforeTax": "907800000",
            "incomeTaxExpense": "119200000",
            "interestAndDebtExpense": "78700000",
            "netIncomeFromContinuingOperations": "788900000",
            "comprehensiveIncomeNetOfTax": "492100000",
            "ebit": "997100000",
            "ebitda": "1329300000",
            "netIncome": "788600000"
        },
        {
            "fiscalDateEnding": "2021-12-31",
            "reportedCurrency": "USD",
            "grossProfit": "308800000",
            "totalRevenue": "4510100000",
            "costOfRevenue": "4201300000",
            "costofGoodsAndServicesSold": "2772900000",
            "operatingIncome": "624300000",
            "sellingGeneralAndAdministrative": "1067800000",
            "researchAndDevelopment": "None",
            "operatingExpenses": "1439600000",
            "investmentIncomeNet": "None",
            "netInterestIncome": "-90800000",
            "interestIncome": "104200000",
            "interestExpense": "90800000",
            "nonInterestIncome": "4600900000",
            "otherNonOperatingIncome": "2500000",
            "depreciation": "115200000",
            "depreciationAndAmortization": "371800000",
            "incomeBeforeTax": "533800000",
            "incomeTaxExpense": "88500000",
            "interestAndDebtExpense": "104200000",
            "netIncomeFromContinuingOperations": "445300000",
            "comprehensiveIncomeNetOfTax": "445400000",
            "ebit": "624600000",
            "ebitda": "996400000",
            "netIncome": "445300000"
        },
        {
            "fiscalDateEnding": "2020-12-31",
            "reportedCurrency": "USD",
            "grossProfit": "402100000",
            "totalRevenue": "3094300000",
            "costOfRevenue": "2692200000",
            "costofGoodsAndServicesSold": "1905300000",
            "operatingIncome": "480100000",
            "sellingGeneralAndAdministrative": "662000000",
            "researchAndDevelopment": "None",
            "operatingExpenses": "803100000",
            "investmentIncomeNet": "None",
            "netInterestIncome": "-15300000",
            "interestIncome": "15300000",
            "interestExpense": "15300000",
            "nonInterestIncome": "3086200000",
            "otherNonOperatingIncome": "-7200000",
            "depreciation": "76600000",
            "depreciationAndAmortization": "116200000",
            "incomeBeforeTax": "469700000",
            "incomeTaxExpense": "67800000",
            "interestAndDebtExpense": "15300000",
            "netIncomeFromContinuingOperations": "401900000",
            "comprehensiveIncomeNetOfTax": "447600000",
            "ebit": "485000000",
            "ebitda": "601200000",
            "netIncome": "401900000"
        },
        {
            "fiscalDateEnding": "2019-12-31",
            "reportedCurrency": "USD",
            "grossProfit": "396100000",
            "totalRevenue": "3171900000",
            "costOfRevenue": "2775800000",
            "costofGoodsAndServicesSold": "1920300000",
            "operatingIncome": "491700000",
            "sellingGeneralAndAdministrative": "715100000",
            "researchAndDevelopment": "None",
            "operatingExpenses": "863500000",
            "investmentIncomeNet": "None",
            "netInterestIncome": "-22000000",
            "interestIncome": "-1000000",
            "interestExpense": "21000000",
            "nonInterestIncome": "3163600000",
            "otherNonOperatingIncome": "-5000000",
            "depreciation": "74500000",
            "depreciationAndAmortization": "111900000",
            "incomeBeforeTax": "473700000",
            "incomeTaxExpense": "71400000",
            "interestAndDebtExpense": "21000000",
            "netIncomeFromContinuingOperations": "402300000",
            "comprehensiveIncomeNetOfTax": "419700000",
            "ebit": "494700000",
            "ebitda": "606600000",
            "netIncome": "402300000"
        },
        {
            "fiscalDateEnding": "2018-12-31",
            "reportedCurrency": "USD",
            "grossProfit": "311300000",
            "totalRevenue": "2896000000",
            "costOfRevenue": "2584700000",
            "costofGoodsAndServicesSold": "1791000000",
            "operatingIncome": "416600000",
            "sellingGeneralAndAdministrative": "694200000",
            "researchAndDevelopment": "None",
            "operatingExpenses": "807200000",
            "investmentIncomeNet": "None",
            "netInterestIncome": "-29200000",
            "interestIncome": "26000000",
            "interestExpense": "29200000",
            "nonInterestIncome": "2901800000",
            "otherNonOperatingIncome": "-10700000",
            "depreciation": "73500000",
            "depreciationAndAmortization": "113000000",
            "incomeBeforeTax": "393900000",
            "incomeTaxExpense": "60100000",
            "interestAndDebtExpense": "25500000",
            "netIncomeFromContinuingOperations": "333800000",
            "comprehensiveIncomeNetOfTax": "217500000",
            "ebit": "416600000",
            "ebitda": "536100000",
            "netIncome": "333800000"
        }
    ],
    "quarterlyReports": [
        {
            "fiscalDateEnding": "2023-03-31",
            "reportedCurrency": "USD",
            "grossProfit": "192400000",
            "totalRevenue": "1362300000",
            "costOfRevenue": "1169900000",
            "costofGoodsAndServicesSold": "790700000",
            "operatingIncome": "242500000",
            "sellingGeneralAndAdministrative": "300400000",
            "researchAndDevelopment": "None",
            "operatingExpenses": "382500000",
            "investmentIncomeNet": "None",
            "netInterestIncome": "-21000000",
            "interestIncome": "21000000",
            "interestExpense": "21000000",
            "nonInterestIncome": "1383300000",
            "otherNonOperatingIncome": "-1100000",
            "depreciation": "None",
            "depreciationAndAmortization": "82100000",
            "incomeBeforeTax": "223600000",
            "incomeTaxExpense": "44900000",
            "interestAndDebtExpense": "21000000",
            "netIncomeFromContinuingOperations": "178800000",
            "comprehensiveIncomeNetOfTax": "178400000",
            "ebit": "244600000",
            "ebitda": "326700000",
            "netIncome": "178700000"
        },
        {
            "fiscalDateEnding": "2022-12-31",
            "reportedCurrency": "USD",
            "grossProfit": "616900000",
            "totalRevenue": "1418200000",
            "costOfRevenue": "801300000",
            "costofGoodsAndServicesSold": "801300000",
            "operatingIncome": "273800000",
            "sellingGeneralAndAdministrative": "295200000",
            "researchAndDevelopment": "None",
            "operatingExpenses": "343100000",
            "investmentIncomeNet": "None",
            "netInterestIncome": "-22500000",
            "interestIncome": "22500000",
            "interestExpense": "22500000",
            "nonInterestIncome": "None",
            "otherNonOperatingIncome": "-1800000",
            "depreciation": "None",
            "depreciationAndAmortization": "81800000",
            "incomeBeforeTax": "251900000",
            "incomeTaxExpense": "25500000",
            "interestAndDebtExpense": "None",
            "netIncomeFromContinuingOperations": "226800000",
            "comprehensiveIncomeNetOfTax": "464100000",
            "ebit": "274400000",
            "ebitda": "356200000",
            "netIncome": "226400000"
        },
        {
            "fiscalDateEnding": "2022-09-30",
            "reportedCurrency": "USD",
            "grossProfit": "577800000",
            "totalRevenue": "1363600000",
            "costOfRevenue": "785800000",
            "costofGoodsAndServicesSold": "785800000",
            "operatingIncome": "245200000",
            "sellingGeneralAndAdministrative": "283700000",
            "researchAndDevelopment": "None",
            "operatingExpenses": "332600000",
            "investmentIncomeNet": "None",
            "netInterestIncome": "-22000000",
            "interestIncome": "22000000",
            "interestExpense": "22000000",
            "nonInterestIncome": "None",
            "otherNonOperatingIncome": "5200000",
            "depreciation": "None",
            "depreciationAndAmortization": "80800000",
            "incomeBeforeTax": "231400000",
            "incomeTaxExpense": "53100000",
            "interestAndDebtExpense": "None",
            "netIncomeFromContinuingOperations": "178200000",
            "comprehensiveIncomeNetOfTax": "-180900000",
            "ebit": "253400000",
            "ebitda": "334200000",
            "netIncome": "178300000"
        },
        {
            "fiscalDateEnding": "2022-06-30",
            "reportedCurrency": "USD",
            "grossProfit": "567200000",
            "totalRevenue": "1355800000",
            "costOfRevenue": "788600000",
            "costofGoodsAndServicesSold": "788600000",
            "operatingIncome": "229500000",
            "sellingGeneralAndAdministrative": "286400000",
            "researchAndDevelopment": "None",
            "operatingExpenses": "337700000",
            "investmentIncomeNet": "None",
            "netInterestIncome": "-22500000",
            "interestIncome": "22500000",
            "interestExpense": "22500000",
            "nonInterestIncome": "None",
            "otherNonOperatingIncome": "1000000",
            "depreciation": "None",
            "depreciationAndAmortization": "82700000",
            "incomeBeforeTax": "221500000",
            "incomeTaxExpense": "50200000",
            "interestAndDebtExpense": "None",
            "netIncomeFromContinuingOperations": "171300000",
            "comprehensiveIncomeNetOfTax": "18200000",
            "ebit": "244000000",
            "ebitda": "326700000",
            "netIncome": "171300000"
        },
        {
            "fiscalDateEnding": "2022-03-31",
            "reportedCurrency": "USD",
            "grossProfit": "170700000",
            "totalRevenue": "1298700000",
            "costOfRevenue": "1128000000",
            "costofGoodsAndServicesSold": "752600000",
            "operatingIncome": "223500000",
            "sellingGeneralAndAdministrative": "291300000",
            "researchAndDevelopment": "None",
            "operatingExpenses": "378200000",
            "investmentIncomeNet": "None",
            "netInterestIncome": "-22300000",
            "interestIncome": "22300000",
            "interestExpense": "22300000",
            "nonInterestIncome": "1321000000",
            "otherNonOperatingIncome": "-1000000",
            "depreciation": "None",
            "depreciationAndAmortization": "86900000",
            "incomeBeforeTax": "203000000",
            "incomeTaxExpense": "-9600000",
            "interestAndDebtExpense": "22300000",
            "netIncomeFromContinuingOperations": "212600000",
            "comprehensiveIncomeNetOfTax": "190700000",
            "ebit": "225300000",
            "ebitda": "312200000",
            "netIncome": "212600000"
        },
        {
            "fiscalDateEnding": "2021-12-31",
            "reportedCurrency": "USD",
            "grossProfit": "91800000",
            "totalRevenue": "1352200000",
            "costOfRevenue": "1260400000",
            "costofGoodsAndServicesSold": "829600000",
            "operatingIncome": "195100000",
            "sellingGeneralAndAdministrative": "299600000",
            "researchAndDevelopment": "None",
            "operatingExpenses": "433600000",
            "investmentIncomeNet": "None",
            "netInterestIncome": "-23500000",
            "interestIncome": "23500000",
            "interestExpense": "23500000",
            "nonInterestIncome": "1375700000",
            "otherNonOperatingIncome": "-1900000",
            "depreciation": "None",
            "depreciationAndAmortization": "134000000",
            "incomeBeforeTax": "172500000",
            "incomeTaxExpense": "10700000",
            "interestAndDebtExpense": "23500000",
            "netIncomeFromContinuingOperations": "161800000",
            "comprehensiveIncomeNetOfTax": "192600000",
            "ebit": "196000000",
            "ebitda": "330000000",
            "netIncome": "161800000"
        },
        {
            "fiscalDateEnding": "2021-09-30",
            "reportedCurrency": "USD",
            "grossProfit": "168600000",
            "totalRevenue": "1288100000",
            "costOfRevenue": "1119500000",
            "costofGoodsAndServicesSold": "787700000",
            "operatingIncome": "189600000",
            "sellingGeneralAndAdministrative": "279300000",
            "researchAndDevelopment": "None",
            "operatingExpenses": "334600000",
            "investmentIncomeNet": "None",
            "netInterestIncome": "-23800000",
            "interestIncome": "23800000",
            "interestExpense": "23800000",
            "nonInterestIncome": "1311900000",
            "otherNonOperatingIncome": "-700000",
            "depreciation": "None",
            "depreciationAndAmortization": "125400000",
            "incomeBeforeTax": "167900000",
            "incomeTaxExpense": "33800000",
            "interestAndDebtExpense": "23800000",
            "netIncomeFromContinuingOperations": "134100000",
            "comprehensiveIncomeNetOfTax": "90000000",
            "ebit": "191700000",
            "ebitda": "317100000",
            "netIncome": "134100000"
        },
        {
            "fiscalDateEnding": "2021-06-30",
            "reportedCurrency": "USD",
            "grossProfit": "86000000",
            "totalRevenue": "1099800000",
            "costOfRevenue": "1013800000",
            "costofGoodsAndServicesSold": "663100000",
            "operatingIncome": "104400000",
            "sellingGeneralAndAdministrative": "320700000",
            "researchAndDevelopment": "None",
            "operatingExpenses": "353500000",
            "investmentIncomeNet": "None",
            "netInterestIncome": "-21200000",
            "interestIncome": "21200000",
            "interestExpense": "21200000",
            "nonInterestIncome": "1121000000",
            "otherNonOperatingIncome": "6100000",
            "depreciation": "None",
            "depreciationAndAmortization": "83100000",
            "incomeBeforeTax": "92100000",
            "incomeTaxExpense": "27400000",
            "interestAndDebtExpense": "21200000",
            "netIncomeFromContinuingOperations": "64700000",
            "comprehensiveIncomeNetOfTax": "72900000",
            "ebit": "113300000",
            "ebitda": "196400000",
            "netIncome": "64700000"
        },
        {
            "fiscalDateEnding": "2021-03-31",
            "reportedCurrency": "USD",
            "grossProfit": "82800000",
            "totalRevenue": "770000000",
            "costOfRevenue": "687200000",
            "costofGoodsAndServicesSold": "492500000",
            "operatingIncome": "135200000",
            "sellingGeneralAndAdministrative": "168200000",
            "researchAndDevelopment": "None",
            "operatingExpenses": "197500000",
            "investmentIncomeNet": "None",
            "netInterestIncome": "-35700000",
            "interestIncome": "22300000",
            "interestExpense": "35700000",
            "nonInterestIncome": "805700000",
            "otherNonOperatingIncome": "-1000000",
            "depreciation": "None",
            "depreciationAndAmortization": "29300000",
            "incomeBeforeTax": "101300000",
            "incomeTaxExpense": "16600000",
            "interestAndDebtExpense": "35700000",
            "netIncomeFromContinuingOperations": "84700000",
            "comprehensiveIncomeNetOfTax": "89900000",
            "ebit": "137000000",
            "ebitda": "166300000",
            "netIncome": "84700000"
        },
        {
            "fiscalDateEnding": "2020-12-31",
            "reportedCurrency": "USD",
            "grossProfit": "156300000",
            "totalRevenue": "829300000",
            "costOfRevenue": "673000000",
            "costofGoodsAndServicesSold": "493600000",
            "operatingIncome": "143800000",
            "sellingGeneralAndAdministrative": "171900000",
            "researchAndDevelopment": "None",
            "operatingExpenses": "183200000",
            "investmentIncomeNet": "None",
            "netInterestIncome": "-3400000",
            "interestIncome": "3400000",
            "interestExpense": "3400000",
            "nonInterestIncome": "809300000",
            "otherNonOperatingIncome": "-2500000",
            "depreciation": "None",
            "depreciationAndAmortization": "28700000",
            "incomeBeforeTax": "141100000",
            "incomeTaxExpense": "9000000",
            "interestAndDebtExpense": "3400000",
            "netIncomeFromContinuingOperations": "132100000",
            "comprehensiveIncomeNetOfTax": "188800000",
            "ebit": "144500000",
            "ebitda": "173200000",
            "netIncome": "132100000"
        },
        {
            "fiscalDateEnding": "2020-09-30",
            "reportedCurrency": "USD",
            "grossProfit": "121600000",
            "totalRevenue": "744900000",
            "costOfRevenue": "623300000",
            "costofGoodsAndServicesSold": "458500000",
            "operatingIncome": "122500000",
            "sellingGeneralAndAdministrative": "158100000",
            "researchAndDevelopment": "None",
            "operatingExpenses": "168000000",
            "investmentIncomeNet": "None",
            "netInterestIncome": "-4100000",
            "interestIncome": "4100000",
            "interestExpense": "4100000",
            "nonInterestIncome": "749000000",
            "otherNonOperatingIncome": "-1900000",
            "depreciation": "None",
            "depreciationAndAmortization": "29200000",
            "incomeBeforeTax": "119700000",
            "incomeTaxExpense": "25800000",
            "interestAndDebtExpense": "4100000",
            "netIncomeFromContinuingOperations": "93900000",
            "comprehensiveIncomeNetOfTax": "138100000",
            "ebit": "123800000",
            "ebitda": "153000000",
            "netIncome": "93900000"
        },
        {
            "fiscalDateEnding": "2020-06-30",
            "reportedCurrency": "USD",
            "grossProfit": "109300000",
            "totalRevenue": "739600000",
            "costOfRevenue": "630300000",
            "costofGoodsAndServicesSold": "460600000",
            "operatingIncome": "109800000",
            "sellingGeneralAndAdministrative": "163200000",
            "researchAndDevelopment": "None",
            "operatingExpenses": "172900000",
            "investmentIncomeNet": "None",
            "netInterestIncome": "-3700000",
            "interestIncome": "3700000",
            "interestExpense": "3700000",
            "nonInterestIncome": "743300000",
            "otherNonOperatingIncome": "-1400000",
            "depreciation": "None",
            "depreciationAndAmortization": "29000000",
            "incomeBeforeTax": "107900000",
            "incomeTaxExpense": "14200000",
            "interestAndDebtExpense": "3700000",
            "netIncomeFromContinuingOperations": "93700000",
            "comprehensiveIncomeNetOfTax": "102200000",
            "ebit": "111600000",
            "ebitda": "140600000",
            "netIncome": "93700000"
        },
        {
            "fiscalDateEnding": "2020-03-31",
            "reportedCurrency": "USD",
            "grossProfit": "73100000",
            "totalRevenue": "780500000",
            "costOfRevenue": "707400000",
            "costofGoodsAndServicesSold": "492600000",
            "operatingIncome": "104000000",
            "sellingGeneralAndAdministrative": "188000000",
            "researchAndDevelopment": "None",
            "operatingExpenses": "217600000",
            "investmentIncomeNet": "None",
            "netInterestIncome": "-4100000",
            "interestIncome": "4100000",
            "interestExpense": "4100000",
            "nonInterestIncome": "784600000",
            "otherNonOperatingIncome": "-1400000",
            "depreciation": "None",
            "depreciationAndAmortization": "29300000",
            "incomeBeforeTax": "101000000",
            "incomeTaxExpense": "18800000",
            "interestAndDebtExpense": "4100000",
            "netIncomeFromContinuingOperations": "82200000",
            "comprehensiveIncomeNetOfTax": "18500000",
            "ebit": "105100000",
            "ebitda": "134400000",
            "netIncome": "82200000"
        },
        {
            "fiscalDateEnding": "2019-12-31",
            "reportedCurrency": "USD",
            "grossProfit": "135700000",
            "totalRevenue": "834200000",
            "costOfRevenue": "698500000",
            "costofGoodsAndServicesSold": "505100000",
            "operatingIncome": "133800000",
            "sellingGeneralAndAdministrative": "195300000",
            "researchAndDevelopment": "None",
            "operatingExpenses": "195300000",
            "investmentIncomeNet": "None",
            "netInterestIncome": "-5700000",
            "interestIncome": "-1000000",
            "interestExpense": "4700000",
            "nonInterestIncome": "834200000",
            "otherNonOperatingIncome": "-1500000",
            "depreciation": "None",
            "depreciationAndAmortization": "29300000",
            "incomeBeforeTax": "129500000",
            "incomeTaxExpense": "13800000",
            "interestAndDebtExpense": "4700000",
            "netIncomeFromContinuingOperations": "115700000",
            "comprehensiveIncomeNetOfTax": "131700000",
            "ebit": "134200000",
            "ebitda": "163500000",
            "netIncome": "115700000"
        },
        {
            "fiscalDateEnding": "2019-09-30",
            "reportedCurrency": "USD",
            "grossProfit": "125100000",
            "totalRevenue": "796700000",
            "costOfRevenue": "671600000",
            "costofGoodsAndServicesSold": "487700000",
            "operatingIncome": "128700000",
            "sellingGeneralAndAdministrative": "185800000",
            "researchAndDevelopment": "None",
            "operatingExpenses": "185800000",
            "investmentIncomeNet": "None",
            "netInterestIncome": "-5500000",
            "interestIncome": "5600000",
            "interestExpense": "5500000",
            "nonInterestIncome": "802200000",
            "otherNonOperatingIncome": "-1700000",
            "depreciation": "None",
            "depreciationAndAmortization": "27900000",
            "incomeBeforeTax": "123400000",
            "incomeTaxExpense": "16700000",
            "interestAndDebtExpense": "5500000",
            "netIncomeFromContinuingOperations": "106700000",
            "comprehensiveIncomeNetOfTax": "83100000",
            "ebit": "128900000",
            "ebitda": "156800000",
            "netIncome": "106700000"
        },
        {
            "fiscalDateEnding": "2019-06-30",
            "reportedCurrency": "USD",
            "grossProfit": "128500000",
            "totalRevenue": "776600000",
            "costOfRevenue": "648100000",
            "costofGoodsAndServicesSold": "463600000",
            "operatingIncome": "131900000",
            "sellingGeneralAndAdministrative": "186500000",
            "researchAndDevelopment": "None",
            "operatingExpenses": "186500000",
            "investmentIncomeNet": "None",
            "netInterestIncome": "-5400000",
            "interestIncome": "5600000",
            "interestExpense": "5400000",
            "nonInterestIncome": "782000000",
            "otherNonOperatingIncome": "-600000",
            "depreciation": "None",
            "depreciationAndAmortization": "27100000",
            "incomeBeforeTax": "127900000",
            "incomeTaxExpense": "23300000",
            "interestAndDebtExpense": "5400000",
            "netIncomeFromContinuingOperations": "104600000",
            "comprehensiveIncomeNetOfTax": "106200000",
            "ebit": "133300000",
            "ebitda": "160400000",
            "netIncome": "104600000"
        },
        {
            "fiscalDateEnding": "2019-03-31",
            "reportedCurrency": "USD",
            "grossProfit": "66500000",
            "totalRevenue": "739800000",
            "costOfRevenue": "673300000",
            "costofGoodsAndServicesSold": "463900000",
            "operatingIncome": "97300000",
            "sellingGeneralAndAdministrative": "184000000",
            "researchAndDevelopment": "None",
            "operatingExpenses": "211600000",
            "investmentIncomeNet": "None",
            "netInterestIncome": "-5400000",
            "interestIncome": "None",
            "interestExpense": "5400000",
            "nonInterestIncome": "745200000",
            "otherNonOperatingIncome": "-1200000",
            "depreciation": "None",
            "depreciationAndAmortization": "27600000",
            "incomeBeforeTax": "92900000",
            "incomeTaxExpense": "17600000",
            "interestAndDebtExpense": "5400000",
            "netIncomeFromContinuingOperations": "75300000",
            "comprehensiveIncomeNetOfTax": "98700000",
            "ebit": "98300000",
            "ebitda": "125900000",
            "netIncome": "75300000"
        },
        {
            "fiscalDateEnding": "2018-12-31",
            "reportedCurrency": "USD",
            "grossProfit": "114600000",
            "totalRevenue": "748400000",
            "costOfRevenue": "633800000",
            "costofGoodsAndServicesSold": "459600000",
            "operatingIncome": "111200000",
            "sellingGeneralAndAdministrative": "177600000",
            "researchAndDevelopment": "None",
            "operatingExpenses": "177600000",
            "investmentIncomeNet": "None",
            "netInterestIncome": "-9400000",
            "interestIncome": "None",
            "interestExpense": "9400000",
            "nonInterestIncome": "748400000",
            "otherNonOperatingIncome": "-1800000",
            "depreciation": "None",
            "depreciationAndAmortization": "29300000",
            "incomeBeforeTax": "107100000",
            "incomeTaxExpense": "16000000",
            "interestAndDebtExpense": "5700000",
            "netIncomeFromContinuingOperations": "91100000",
            "comprehensiveIncomeNetOfTax": "5500000",
            "ebit": "111200000",
            "ebitda": "145800000",
            "netIncome": "91100000"
        },
        {
            "fiscalDateEnding": "2018-09-30",
            "reportedCurrency": "USD",
            "grossProfit": "102900000",
            "totalRevenue": "719300000",
            "costOfRevenue": "616400000",
            "costofGoodsAndServicesSold": "446200000",
            "operatingIncome": "105500000",
            "sellingGeneralAndAdministrative": "173600000",
            "researchAndDevelopment": "None",
            "operatingExpenses": "173600000",
            "investmentIncomeNet": "None",
            "netInterestIncome": "-6000000",
            "interestIncome": "None",
            "interestExpense": "6000000",
            "nonInterestIncome": "725300000",
            "otherNonOperatingIncome": "-2700000",
            "depreciation": "None",
            "depreciationAndAmortization": "27300000",
            "incomeBeforeTax": "100200000",
            "incomeTaxExpense": "9900000",
            "interestAndDebtExpense": "6000000",
            "netIncomeFromContinuingOperations": "90300000",
            "comprehensiveIncomeNetOfTax": "96800000",
            "ebit": "106200000",
            "ebitda": "133500000",
            "netIncome": "90300000"
        },
        {
            "fiscalDateEnding": "2018-06-30",
            "reportedCurrency": "USD",
            "grossProfit": "114800000",
            "totalRevenue": "732500000",
            "costOfRevenue": "617700000",
            "costofGoodsAndServicesSold": "447000000",
            "operatingIncome": "111500000",
            "sellingGeneralAndAdministrative": "174000000",
            "researchAndDevelopment": "None",
            "operatingExpenses": "174000000",
            "investmentIncomeNet": "None",
            "netInterestIncome": "-6700000",
            "interestIncome": "None",
            "interestExpense": "6700000",
            "nonInterestIncome": "732500000",
            "otherNonOperatingIncome": "-3700000",
            "depreciation": "None",
            "depreciationAndAmortization": "27600000",
            "incomeBeforeTax": "104400000",
            "incomeTaxExpense": "18500000",
            "interestAndDebtExpense": "6700000",
            "netIncomeFromContinuingOperations": "85900000",
            "comprehensiveIncomeNetOfTax": "28800000",
            "ebit": "111100000",
            "ebitda": "138700000",
            "netIncome": "85900000"
        }
    ]
}