{
    "symbol": "TER",
    "annualReports": [
        {
            "fiscalDateEnding": "2022-12-31",
            "reportedCurrency": "USD",
            "grossProfit": "1867151000",
            "totalRevenue": "3155045000",
            "costOfRevenue": "1287894000",
            "costofGoodsAndServicesSold": "1287894000",
            "operatingIncome": "831939000",
            "sellingGeneralAndAdministrative": "558103000",
            "researchAndDevelopment": "440591000",
            "operatingExpenses": "1035212000",
            "investmentIncomeNet": "6379000",
            "netInterestIncome": "-3719000",
            "interestIncome": "8446000",
            "interestExpense": "3719000",
            "nonInterestIncome": "10800000",
            "otherNonOperatingIncome": "5786000",
            "depreciation": "90763000",
            "depreciationAndAmortization": "19300000",
            "incomeBeforeTax": "840385000",
            "incomeTaxExpense": "124884000",
            "interestAndDebtExpense": "3719000",
            "netIncomeFromContinuingOperations": "715501000",
            "comprehensiveIncomeNetOfTax": "671581000",
            "ebit": "844104000",
            "ebitda": "863404000",
            "netIncome": "715501000"
        },
        {
            "fiscalDateEnding": "2021-12-31",
            "reportedCurrency": "USD",
            "grossProfit": "2206656000",
            "totalRevenue": "3702881000",
            "costOfRevenue": "1496225000",
            "costofGoodsAndServicesSold": "1496225000",
            "operatingIncome": "1200720000",
            "sellingGeneralAndAdministrative": "547559000",
            "researchAndDevelopment": "427609000",
            "operatingExpenses": "1005936000",
            "investmentIncomeNet": "2627000",
            "netInterestIncome": "-17820000",
            "interestIncome": "2627000",
            "interestExpense": "17820000",
            "nonInterestIncome": "2100000",
            "otherNonOperatingIncome": "-24572000",
            "depreciation": "91073000",
            "depreciationAndAmortization": "21456000",
            "incomeBeforeTax": "1160955000",
            "incomeTaxExpense": "146366000",
            "interestAndDebtExpense": "17820000",
            "netIncomeFromContinuingOperations": "1014589000",
            "comprehensiveIncomeNetOfTax": "975125000",
            "ebit": "1178775000",
            "ebitda": "1200231000",
            "netIncome": "1014589000"
        },
        {
            "fiscalDateEnding": "2020-12-31",
            "reportedCurrency": "USD",
            "grossProfit": "1785741000",
            "totalRevenue": "3121469000",
            "costOfRevenue": "1335728000",
            "costofGoodsAndServicesSold": "1335728000",
            "operatingIncome": "928407000",
            "sellingGeneralAndAdministrative": "464769000",
            "researchAndDevelopment": "374964000",
            "operatingExpenses": "857334000",
            "investmentIncomeNet": "5982000",
            "netInterestIncome": "-24182000",
            "interestIncome": "5982000",
            "interestExpense": "24182000",
            "nonInterestIncome": "-2600000",
            "otherNonOperatingIncome": "-9192000",
            "depreciation": "80119000",
            "depreciationAndAmortization": "30800000",
            "incomeBeforeTax": "901015000",
            "incomeTaxExpense": "116868000",
            "interestAndDebtExpense": "24182000",
            "netIncomeFromContinuingOperations": "784115000",
            "comprehensiveIncomeNetOfTax": "836517000",
            "ebit": "925197000",
            "ebitda": "955997000",
            "netIncome": "784147000"
        },
        {
            "fiscalDateEnding": "2019-12-31",
            "reportedCurrency": "USD",
            "grossProfit": "1339829000",
            "totalRevenue": "2294965000",
            "costOfRevenue": "955136000",
            "costofGoodsAndServicesSold": "955136000",
            "operatingIncome": "553654000",
            "sellingGeneralAndAdministrative": "437084000",
            "researchAndDevelopment": "322824000",
            "operatingExpenses": "786175000",
            "investmentIncomeNet": "24785000",
            "netInterestIncome": "-23145000",
            "interestIncome": "-921000",
            "interestExpense": "22224000",
            "nonInterestIncome": "1600000",
            "otherNonOperatingIncome": "-22648000",
            "depreciation": "70800000",
            "depreciationAndAmortization": "40100000",
            "incomeBeforeTax": "525772000",
            "incomeTaxExpense": "58304000",
            "interestAndDebtExpense": "23145000",
            "netIncomeFromContinuingOperations": "467472000",
            "comprehensiveIncomeNetOfTax": "461654000",
            "ebit": "547996000",
            "ebitda": "588096000",
            "netIncome": "467468000"
        },
        {
            "fiscalDateEnding": "2018-12-31",
            "reportedCurrency": "USD",
            "grossProfit": "1220394000",
            "totalRevenue": "2100802000",
            "costOfRevenue": "880408000",
            "costofGoodsAndServicesSold": "880408000",
            "operatingIncome": "473797000",
            "sellingGeneralAndAdministrative": "390669000",
            "researchAndDevelopment": "301505000",
            "operatingExpenses": "746597000",
            "investmentIncomeNet": "26704000",
            "netInterestIncome": "-31269000",
            "interestIncome": "-9489000",
            "interestExpense": "21780000",
            "nonInterestIncome": "2103202000",
            "otherNonOperatingIncome": "-4674000",
            "depreciation": "67415000",
            "depreciationAndAmortization": "39191000",
            "incomeBeforeTax": "467779000",
            "incomeTaxExpense": "16000000",
            "interestAndDebtExpense": "31269000",
            "netIncomeFromContinuingOperations": "451779000",
            "comprehensiveIncomeNetOfTax": "422319000",
            "ebit": "489559000",
            "ebitda": "528750000",
            "netIncome": "451779000"
        }
    ],
    "quarterlyReports": [
        {
            "fiscalDateEnding": "2022-12-31",
            "reportedCurrency": "USD",
            "grossProfit": "420450000",
            "totalRevenue": "731836000",
            "costOfRevenue": "311386000",
            "costofGoodsAndServicesSold": "311386000",
            "operatingIncome": "166587000",
            "sellingGeneralAndAdministrative": "142752000",
            "researchAndDevelopment": "108810000",
            "operatingExpenses": "253863000",
            "investmentIncomeNet": "None",
            "netInterestIncome": "28651000",
            "interestIncome": "28651000",
            "interestExpense": "1015000",
            "nonInterestIncome": "None",
            "otherNonOperatingIncome": "26258000",
            "depreciation": "22861000",
            "depreciationAndAmortization": "60751000",
            "incomeBeforeTax": "195237000",
            "incomeTaxExpense": "22936000",
            "interestAndDebtExpense": "None",
            "netIncomeFromContinuingOperations": "172301000",
            "comprehensiveIncomeNetOfTax": "207212000",
            "ebit": "196252000",
            "ebitda": "251649000",
            "netIncome": "172301000"
        },
        {
            "fiscalDateEnding": "2022-09-30",
            "reportedCurrency": "USD",
            "grossProfit": "485379000",
            "totalRevenue": "827073000",
            "costOfRevenue": "341694000",
            "costofGoodsAndServicesSold": "341694000",
            "operatingIncome": "231507000",
            "sellingGeneralAndAdministrative": "135632000",
            "researchAndDevelopment": "111715000",
            "operatingExpenses": "253872000",
            "investmentIncomeNet": "None",
            "netInterestIncome": "-5310000",
            "interestIncome": "1318000",
            "interestExpense": "779000",
            "nonInterestIncome": "None",
            "otherNonOperatingIncome": "-5849000",
            "depreciation": "23442000",
            "depreciationAndAmortization": "23828000",
            "incomeBeforeTax": "226197000",
            "incomeTaxExpense": "42712000",
            "interestAndDebtExpense": "None",
            "netIncomeFromContinuingOperations": "183485000",
            "comprehensiveIncomeNetOfTax": "151665000",
            "ebit": "226976000",
            "ebitda": "255335000",
            "netIncome": "183485000"
        },
        {
            "fiscalDateEnding": "2022-06-30",
            "reportedCurrency": "USD",
            "grossProfit": "506389000",
            "totalRevenue": "840766000",
            "costOfRevenue": "334377000",
            "costofGoodsAndServicesSold": "334377000",
            "operatingIncome": "247990000",
            "sellingGeneralAndAdministrative": "139533000",
            "researchAndDevelopment": "111951000",
            "operatingExpenses": "258399000",
            "investmentIncomeNet": "None",
            "netInterestIncome": "-9398000",
            "interestIncome": "951000",
            "interestExpense": "913000",
            "nonInterestIncome": "None",
            "otherNonOperatingIncome": "-9436000",
            "depreciation": "21957000",
            "depreciationAndAmortization": "18334000",
            "incomeBeforeTax": "238592000",
            "incomeTaxExpense": "40805000",
            "interestAndDebtExpense": "None",
            "netIncomeFromContinuingOperations": "197787000",
            "comprehensiveIncomeNetOfTax": "164307000",
            "ebit": "239505000",
            "ebitda": "266324000",
            "netIncome": "197787000"
        },
        {
            "fiscalDateEnding": "2022-03-31",
            "reportedCurrency": "USD",
            "grossProfit": "454933000",
            "totalRevenue": "755370000",
            "costOfRevenue": "300437000",
            "costofGoodsAndServicesSold": "300437000",
            "operatingIncome": "185855000",
            "sellingGeneralAndAdministrative": "140185000",
            "researchAndDevelopment": "108116000",
            "operatingExpenses": "269078000",
            "investmentIncomeNet": "None",
            "netInterestIncome": "-5496000",
            "interestIncome": "703000",
            "interestExpense": "1012000",
            "nonInterestIncome": "None",
            "otherNonOperatingIncome": "-5187000",
            "depreciation": "22503000",
            "depreciationAndAmortization": "23252000",
            "incomeBeforeTax": "180359000",
            "incomeTaxExpense": "18431000",
            "interestAndDebtExpense": "None",
            "netIncomeFromContinuingOperations": "161928000",
            "comprehensiveIncomeNetOfTax": "148397000",
            "ebit": "181371000",
            "ebitda": "209107000",
            "netIncome": "161928000"
        },
        {
            "fiscalDateEnding": "2021-12-31",
            "reportedCurrency": "USD",
            "grossProfit": "527048000",
            "totalRevenue": "885046000",
            "costOfRevenue": "357998000",
            "costofGoodsAndServicesSold": "357998000",
            "operatingIncome": "256435000",
            "sellingGeneralAndAdministrative": "142747000",
            "researchAndDevelopment": "109965000",
            "operatingExpenses": "270613000",
            "investmentIncomeNet": "561000",
            "netInterestIncome": "-2466000",
            "interestIncome": "561000",
            "interestExpense": "2466000",
            "nonInterestIncome": "800000",
            "otherNonOperatingIncome": "651000",
            "depreciation": "23207000",
            "depreciationAndAmortization": "5163000",
            "incomeBeforeTax": "255181000",
            "incomeTaxExpense": "31141000",
            "interestAndDebtExpense": "2466000",
            "netIncomeFromContinuingOperations": "224040000",
            "comprehensiveIncomeNetOfTax": "213875000",
            "ebit": "257647000",
            "ebitda": "262810000",
            "netIncome": "224040000"
        },
        {
            "fiscalDateEnding": "2021-09-30",
            "reportedCurrency": "USD",
            "grossProfit": "571001000",
            "totalRevenue": "950501000",
            "costOfRevenue": "379500000",
            "costofGoodsAndServicesSold": "379500000",
            "operatingIncome": "322400000",
            "sellingGeneralAndAdministrative": "134829000",
            "researchAndDevelopment": "107220000",
            "operatingExpenses": "248601000",
            "investmentIncomeNet": "626000",
            "netInterestIncome": "-3785000",
            "interestIncome": "626000",
            "interestExpense": "3785000",
            "nonInterestIncome": "1000000",
            "otherNonOperatingIncome": "-21486000",
            "depreciation": "22018000",
            "depreciationAndAmortization": "5400000",
            "incomeBeforeTax": "297755000",
            "incomeTaxExpense": "41037000",
            "interestAndDebtExpense": "3785000",
            "netIncomeFromContinuingOperations": "256718000",
            "comprehensiveIncomeNetOfTax": "245613000",
            "ebit": "301540000",
            "ebitda": "306940000",
            "netIncome": "256718000"
        },
        {
            "fiscalDateEnding": "2021-06-30",
            "reportedCurrency": "USD",
            "grossProfit": "646989000",
            "totalRevenue": "1085728000",
            "costOfRevenue": "438739000",
            "costofGoodsAndServicesSold": "438739000",
            "operatingIncome": "388872000",
            "sellingGeneralAndAdministrative": "140187000",
            "researchAndDevelopment": "110021000",
            "operatingExpenses": "258117000",
            "investmentIncomeNet": "633000",
            "netInterestIncome": "-5566000",
            "interestIncome": "633000",
            "interestExpense": "5566000",
            "nonInterestIncome": "100000",
            "otherNonOperatingIncome": "87000",
            "depreciation": "21938000",
            "depreciationAndAmortization": "5402000",
            "incomeBeforeTax": "384026000",
            "incomeTaxExpense": "55707000",
            "interestAndDebtExpense": "5566000",
            "netIncomeFromContinuingOperations": "328319000",
            "comprehensiveIncomeNetOfTax": "334964000",
            "ebit": "389592000",
            "ebitda": "394994000",
            "netIncome": "328319000"
        },
        {
            "fiscalDateEnding": "2021-03-31",
            "reportedCurrency": "USD",
            "grossProfit": "461618000",
            "totalRevenue": "781606000",
            "costOfRevenue": "319988000",
            "costofGoodsAndServicesSold": "319988000",
            "operatingIncome": "233013000",
            "sellingGeneralAndAdministrative": "129797000",
            "researchAndDevelopment": "100402000",
            "operatingExpenses": "228605000",
            "investmentIncomeNet": "808000",
            "netInterestIncome": "-6004000",
            "interestIncome": "808000",
            "interestExpense": "6004000",
            "nonInterestIncome": "200000",
            "otherNonOperatingIncome": "-3824000",
            "depreciation": "23910000",
            "depreciationAndAmortization": "5536000",
            "incomeBeforeTax": "223993000",
            "incomeTaxExpense": "18481000",
            "interestAndDebtExpense": "6004000",
            "netIncomeFromContinuingOperations": "205512000",
            "comprehensiveIncomeNetOfTax": "180673000",
            "ebit": "229997000",
            "ebitda": "235533000",
            "netIncome": "205512000"
        },
        {
            "fiscalDateEnding": "2020-12-31",
            "reportedCurrency": "USD",
            "grossProfit": "449789000",
            "totalRevenue": "758969000",
            "costOfRevenue": "309180000",
            "costofGoodsAndServicesSold": "309179000",
            "operatingIncome": "234080000",
            "sellingGeneralAndAdministrative": "124279000",
            "researchAndDevelopment": "100795000",
            "operatingExpenses": "215709000",
            "investmentIncomeNet": "793000",
            "netInterestIncome": "-6351000",
            "interestIncome": "793000",
            "interestExpense": "6351000",
            "nonInterestIncome": "758968000",
            "otherNonOperatingIncome": "-5597000",
            "depreciation": "22008000",
            "depreciationAndAmortization": "5752000",
            "incomeBeforeTax": "222925000",
            "incomeTaxExpense": "26595000",
            "interestAndDebtExpense": "6351000",
            "netIncomeFromContinuingOperations": "196330000",
            "comprehensiveIncomeNetOfTax": "221600000",
            "ebit": "229276000",
            "ebitda": "235028000",
            "netIncome": "196330000"
        },
        {
            "fiscalDateEnding": "2020-09-30",
            "reportedCurrency": "USD",
            "grossProfit": "458928000",
            "totalRevenue": "819484000",
            "costOfRevenue": "360556000",
            "costofGoodsAndServicesSold": "360556000",
            "operatingIncome": "269661000",
            "sellingGeneralAndAdministrative": "115840000",
            "researchAndDevelopment": "94909000",
            "operatingExpenses": "189267000",
            "investmentIncomeNet": "1071000",
            "netInterestIncome": "-6237000",
            "interestIncome": "1071000",
            "interestExpense": "6237000",
            "nonInterestIncome": "-1200000",
            "otherNonOperatingIncome": "-764000",
            "depreciation": "19806000",
            "depreciationAndAmortization": "6219000",
            "incomeBeforeTax": "263731000",
            "incomeTaxExpense": "41013000",
            "interestAndDebtExpense": "6237000",
            "netIncomeFromContinuingOperations": "222718000",
            "comprehensiveIncomeNetOfTax": "239466000",
            "ebit": "269968000",
            "ebitda": "276187000",
            "netIncome": "222718000"
        },
        {
            "fiscalDateEnding": "2020-06-30",
            "reportedCurrency": "USD",
            "grossProfit": "471473000",
            "totalRevenue": "838661000",
            "costOfRevenue": "367188000",
            "costofGoodsAndServicesSold": "367188000",
            "operatingIncome": "217949000",
            "sellingGeneralAndAdministrative": "113259000",
            "researchAndDevelopment": "94102000",
            "operatingExpenses": "253524000",
            "investmentIncomeNet": "1368000",
            "netInterestIncome": "-6043000",
            "interestIncome": "1368000",
            "interestExpense": "6043000",
            "nonInterestIncome": "400000",
            "otherNonOperatingIncome": "4017000",
            "depreciation": "19816000",
            "depreciationAndAmortization": "8941000",
            "incomeBeforeTax": "217291000",
            "incomeTaxExpense": "28383000",
            "interestAndDebtExpense": "6043000",
            "netIncomeFromContinuingOperations": "188908000",
            "comprehensiveIncomeNetOfTax": "207521000",
            "ebit": "223334000",
            "ebitda": "232275000",
            "netIncome": "188908000"
        },
        {
            "fiscalDateEnding": "2020-03-31",
            "reportedCurrency": "USD",
            "grossProfit": "405550000",
            "totalRevenue": "704355000",
            "costOfRevenue": "298805000",
            "costofGoodsAndServicesSold": "298805000",
            "operatingIncome": "206718000",
            "sellingGeneralAndAdministrative": "111388000",
            "researchAndDevelopment": "85159000",
            "operatingExpenses": "198832000",
            "investmentIncomeNet": "2751000",
            "netInterestIncome": "-5551000",
            "interestIncome": "2751000",
            "interestExpense": "5551000",
            "nonInterestIncome": "2000000",
            "otherNonOperatingIncome": "-6849000",
            "depreciation": "18489000",
            "depreciationAndAmortization": "9891000",
            "incomeBeforeTax": "197069000",
            "incomeTaxExpense": "20878000",
            "interestAndDebtExpense": "5551000",
            "netIncomeFromContinuingOperations": "176191000",
            "comprehensiveIncomeNetOfTax": "167932000",
            "ebit": "202620000",
            "ebitda": "212511000",
            "netIncome": "176191000"
        },
        {
            "fiscalDateEnding": "2019-12-31",
            "reportedCurrency": "USD",
            "grossProfit": "383238000",
            "totalRevenue": "654650000",
            "costOfRevenue": "271412000",
            "costofGoodsAndServicesSold": "271412000",
            "operatingIncome": "171656000",
            "sellingGeneralAndAdministrative": "117092000",
            "researchAndDevelopment": "86794000",
            "operatingExpenses": "211582000",
            "investmentIncomeNet": "6145000",
            "netInterestIncome": "-5950000",
            "interestIncome": "-509000",
            "interestExpense": "5441000",
            "nonInterestIncome": "654650000",
            "otherNonOperatingIncome": "-20514000",
            "depreciation": "19292000",
            "depreciationAndAmortization": "9784000",
            "incomeBeforeTax": "148886000",
            "incomeTaxExpense": "23811000",
            "interestAndDebtExpense": "5950000",
            "netIncomeFromContinuingOperations": "125075000",
            "comprehensiveIncomeNetOfTax": "130440000",
            "ebit": "154327000",
            "ebitda": "164111000",
            "netIncome": "125075000"
        },
        {
            "fiscalDateEnding": "2019-09-30",
            "reportedCurrency": "USD",
            "grossProfit": "345038000",
            "totalRevenue": "582038000",
            "costOfRevenue": "237000000",
            "costofGoodsAndServicesSold": "237000000",
            "operatingIncome": "154921000",
            "sellingGeneralAndAdministrative": "109166000",
            "researchAndDevelopment": "77804000",
            "operatingExpenses": "190117000",
            "investmentIncomeNet": "None",
            "netInterestIncome": "-523000",
            "interestIncome": "-219000",
            "interestExpense": "5463000",
            "nonInterestIncome": "None",
            "otherNonOperatingIncome": "-2158000",
            "depreciation": "None",
            "depreciationAndAmortization": "29499000",
            "incomeBeforeTax": "151733000",
            "incomeTaxExpense": "15873000",
            "interestAndDebtExpense": "None",
            "netIncomeFromContinuingOperations": "135860000",
            "comprehensiveIncomeNetOfTax": "None",
            "ebit": "157196000",
            "ebitda": "166843000",
            "netIncome": "135860000"
        },
        {
            "fiscalDateEnding": "2019-06-30",
            "reportedCurrency": "USD",
            "grossProfit": "323918000",
            "totalRevenue": "564178000",
            "costOfRevenue": "240260000",
            "costofGoodsAndServicesSold": "240260000",
            "operatingIncome": "133994000",
            "sellingGeneralAndAdministrative": "108811000",
            "researchAndDevelopment": "81434000",
            "operatingExpenses": "189924000",
            "investmentIncomeNet": "5430000",
            "netInterestIncome": "-5800000",
            "interestIncome": "5430000",
            "interestExpense": "5800000",
            "nonInterestIncome": "1300000",
            "otherNonOperatingIncome": "-1401000",
            "depreciation": "17231000",
            "depreciationAndAmortization": "10083000",
            "incomeBeforeTax": "131177000",
            "incomeTaxExpense": "33780000",
            "interestAndDebtExpense": "5800000",
            "netIncomeFromContinuingOperations": "97397000",
            "comprehensiveIncomeNetOfTax": "105512000",
            "ebit": "136977000",
            "ebitda": "147060000",
            "netIncome": "97397000"
        },
        {
            "fiscalDateEnding": "2019-03-31",
            "reportedCurrency": "USD",
            "grossProfit": "287635000",
            "totalRevenue": "494099000",
            "costOfRevenue": "206464000",
            "costofGoodsAndServicesSold": "206464000",
            "operatingIncome": "93085000",
            "sellingGeneralAndAdministrative": "102013000",
            "researchAndDevelopment": "76791000",
            "operatingExpenses": "194550000",
            "investmentIncomeNet": "8052000",
            "netInterestIncome": "-5713000",
            "interestIncome": "-193000",
            "interestExpense": "5520000",
            "nonInterestIncome": "3200000",
            "otherNonOperatingIncome": "1425000",
            "depreciation": "16651000",
            "depreciationAndAmortization": "10634000",
            "incomeBeforeTax": "93979000",
            "incomeTaxExpense": "-15159000",
            "interestAndDebtExpense": "5713000",
            "netIncomeFromContinuingOperations": "109138000",
            "comprehensiveIncomeNetOfTax": "106472000",
            "ebit": "99499000",
            "ebitda": "110133000",
            "netIncome": "109138000"
        },
        {
            "fiscalDateEnding": "2018-12-31",
            "reportedCurrency": "USD",
            "grossProfit": "309535000",
            "totalRevenue": "519558000",
            "costOfRevenue": "210023000",
            "costofGoodsAndServicesSold": "210023000",
            "operatingIncome": "112273000",
            "sellingGeneralAndAdministrative": "100552000",
            "researchAndDevelopment": "74706000",
            "operatingExpenses": "197262000",
            "investmentIncomeNet": "9083000",
            "netInterestIncome": "-13182000",
            "interestIncome": "None",
            "interestExpense": "13182000",
            "nonInterestIncome": "519558000",
            "otherNonOperatingIncome": "2954000",
            "depreciation": "17485000",
            "depreciationAndAmortization": "10558000",
            "incomeBeforeTax": "111128000",
            "incomeTaxExpense": "-32662000",
            "interestAndDebtExpense": "13182000",
            "netIncomeFromContinuingOperations": "143790000",
            "comprehensiveIncomeNetOfTax": "127224000",
            "ebit": "124310000",
            "ebitda": "134868000",
            "netIncome": "143790000"
        },
        {
            "fiscalDateEnding": "2018-09-30",
            "reportedCurrency": "USD",
            "grossProfit": "333693000",
            "totalRevenue": "566848000",
            "costOfRevenue": "233155000",
            "costofGoodsAndServicesSold": "233155000",
            "operatingIncome": "143590000",
            "sellingGeneralAndAdministrative": "100202000",
            "researchAndDevelopment": "77049000",
            "operatingExpenses": "190103000",
            "investmentIncomeNet": "6213000",
            "netInterestIncome": "-5557000",
            "interestIncome": "None",
            "interestExpense": "5557000",
            "nonInterestIncome": "570548000",
            "otherNonOperatingIncome": "-3405000",
            "depreciation": "16774000",
            "depreciationAndAmortization": "11142000",
            "incomeBeforeTax": "140841000",
            "incomeTaxExpense": "20863000",
            "interestAndDebtExpense": "5557000",
            "netIncomeFromContinuingOperations": "119981000",
            "comprehensiveIncomeNetOfTax": "127010000",
            "ebit": "146398000",
            "ebitda": "157540000",
            "netIncome": "119978000"
        },
        {
            "fiscalDateEnding": "2018-06-30",
            "reportedCurrency": "USD",
            "grossProfit": "307334000",
            "totalRevenue": "526929000",
            "costOfRevenue": "219595000",
            "costofGoodsAndServicesSold": "219595000",
            "operatingIncome": "120400000",
            "sellingGeneralAndAdministrative": "99410000",
            "researchAndDevelopment": "75342000",
            "operatingExpenses": "186934000",
            "investmentIncomeNet": "5427000",
            "netInterestIncome": "-5639000",
            "interestIncome": "None",
            "interestExpense": "5639000",
            "nonInterestIncome": "526929000",
            "otherNonOperatingIncome": "-176000",
            "depreciation": "16820000",
            "depreciationAndAmortization": "9793000",
            "incomeBeforeTax": "120012000",
            "incomeTaxExpense": "18975000",
            "interestAndDebtExpense": "5639000",
            "netIncomeFromContinuingOperations": "101037000",
            "comprehensiveIncomeNetOfTax": "71652000",
            "ebit": "125651000",
            "ebitda": "135444000",
            "netIncome": "101037000"
        },
        {
            "fiscalDateEnding": "2018-03-31",
            "reportedCurrency": "USD",
            "grossProfit": "269832000",
            "totalRevenue": "487467000",
            "costOfRevenue": "217635000",
            "costofGoodsAndServicesSold": "217635000",
            "operatingIncome": "97534000",
            "sellingGeneralAndAdministrative": "90505000",
            "researchAndDevelopment": "74408000",
            "operatingExpenses": "172298000",
            "investmentIncomeNet": "5981000",
            "netInterestIncome": "-6890000",
            "interestIncome": "None",
            "interestExpense": "6890000",
            "nonInterestIncome": "487467000",
            "otherNonOperatingIncome": "-805000",
            "depreciation": "16336000",
            "depreciationAndAmortization": "7698000",
            "incomeBeforeTax": "95820000",
            "incomeTaxExpense": "8846000",
            "interestAndDebtExpense": "6890000",
            "netIncomeFromContinuingOperations": "86974000",
            "comprehensiveIncomeNetOfTax": "96435000",
            "ebit": "102710000",
            "ebitda": "110408000",
            "netIncome": "86974000"
        }
    ]
}