{
    "symbol": "TXN",
    "annualReports": [
        {
            "fiscalDateEnding": "2022-12-31",
            "reportedCurrency": "USD",
            "grossProfit": "13771000000",
            "totalRevenue": "20028000000",
            "costOfRevenue": "6257000000",
            "costofGoodsAndServicesSold": "6257000000",
            "operatingIncome": "10140000000",
            "sellingGeneralAndAdministrative": "1704000000",
            "researchAndDevelopment": "1670000000",
            "operatingExpenses": "3885000000",
            "investmentIncomeNet": "None",
            "netInterestIncome": "-214000000",
            "interestIncome": "None",
            "interestExpense": "214000000",
            "nonInterestIncome": "20028000000",
            "otherNonOperatingIncome": "106000000",
            "depreciation": "925000000",
            "depreciationAndAmortization": "1085000000",
            "incomeBeforeTax": "10032000000",
            "incomeTaxExpense": "1283000000",
            "interestAndDebtExpense": "214000000",
            "netIncomeFromContinuingOperations": "8749000000",
            "comprehensiveIncomeNetOfTax": "8652000000",
            "ebit": "10140000000",
            "ebitda": "11225000000",
            "netIncome": "8749000000"
        },
        {
            "fiscalDateEnding": "2021-12-31",
            "reportedCurrency": "USD",
            "grossProfit": "12376000000",
            "totalRevenue": "18344000000",
            "costOfRevenue": "5968000000",
            "costofGoodsAndServicesSold": "5968000000",
            "operatingIncome": "8960000000",
            "sellingGeneralAndAdministrative": "1666000000",
            "researchAndDevelopment": "1554000000",
            "operatingExpenses": "3605000000",
            "investmentIncomeNet": "None",
            "netInterestIncome": "-184000000",
            "interestIncome": "None",
            "interestExpense": "184000000",
            "nonInterestIncome": "18344000000",
            "otherNonOperatingIncome": "143000000",
            "depreciation": "755000000",
            "depreciationAndAmortization": "284000000",
            "incomeBeforeTax": "8919000000",
            "incomeTaxExpense": "1150000000",
            "interestAndDebtExpense": "184000000",
            "netIncomeFromContinuingOperations": "7769000000",
            "comprehensiveIncomeNetOfTax": "7972000000",
            "ebit": "8960000000",
            "ebitda": "9244000000",
            "netIncome": "7769000000"
        },
        {
            "fiscalDateEnding": "2020-12-31",
            "reportedCurrency": "USD",
            "grossProfit": "9269000000",
            "totalRevenue": "14461000000",
            "costOfRevenue": "5192000000",
            "costofGoodsAndServicesSold": "5192000000",
            "operatingIncome": "5894000000",
            "sellingGeneralAndAdministrative": "1623000000",
            "researchAndDevelopment": "1530000000",
            "operatingExpenses": "3545000000",
            "investmentIncomeNet": "None",
            "netInterestIncome": "-190000000",
            "interestIncome": "None",
            "interestExpense": "190000000",
            "nonInterestIncome": "14461000000",
            "otherNonOperatingIncome": "313000000",
            "depreciation": "733000000",
            "depreciationAndAmortization": "198000000",
            "incomeBeforeTax": "6017000000",
            "incomeTaxExpense": "422000000",
            "interestAndDebtExpense": "190000000",
            "netIncomeFromContinuingOperations": "5595000000",
            "comprehensiveIncomeNetOfTax": "5582000000",
            "ebit": "5894000000",
            "ebitda": "6092000000",
            "netIncome": "5595000000"
        },
        {
            "fiscalDateEnding": "2019-12-31",
            "reportedCurrency": "USD",
            "grossProfit": "9164000000",
            "totalRevenue": "14383000000",
            "costOfRevenue": "5219000000",
            "costofGoodsAndServicesSold": "5219000000",
            "operatingIncome": "5723000000",
            "sellingGeneralAndAdministrative": "1645000000",
            "researchAndDevelopment": "1544000000",
            "operatingExpenses": "3742000000",
            "investmentIncomeNet": "None",
            "netInterestIncome": "-170000000",
            "interestIncome": "170000000",
            "interestExpense": "170000000",
            "nonInterestIncome": "14412000000",
            "otherNonOperatingIncome": "175000000",
            "depreciation": "708000000",
            "depreciationAndAmortization": "288000000",
            "incomeBeforeTax": "5728000000",
            "incomeTaxExpense": "711000000",
            "interestAndDebtExpense": "170000000",
            "netIncomeFromContinuingOperations": "5017000000",
            "comprehensiveIncomeNetOfTax": "5143000000",
            "ebit": "5723000000",
            "ebitda": "6011000000",
            "netIncome": "5017000000"
        },
        {
            "fiscalDateEnding": "2018-12-31",
            "reportedCurrency": "USD",
            "grossProfit": "10277000000",
            "totalRevenue": "15784000000",
            "costOfRevenue": "7833000000",
            "costofGoodsAndServicesSold": "5507000000",
            "operatingIncome": "6713000000",
            "sellingGeneralAndAdministrative": "1684000000",
            "researchAndDevelopment": "1559000000",
            "operatingExpenses": "3882000000",
            "investmentIncomeNet": "None",
            "netInterestIncome": "-125000000",
            "interestIncome": "125000000",
            "interestExpense": "125000000",
            "nonInterestIncome": "15784000000",
            "otherNonOperatingIncome": "98000000",
            "depreciation": "590000000",
            "depreciationAndAmortization": "318000000",
            "incomeBeforeTax": "6686000000",
            "incomeTaxExpense": "1106000000",
            "interestAndDebtExpense": "125000000",
            "netIncomeFromContinuingOperations": "5580000000",
            "comprehensiveIncomeNetOfTax": "5521000000",
            "ebit": "6713000000",
            "ebitda": "7031000000",
            "netIncome": "5580000000"
        }
    ],
    "quarterlyReports": [
        {
            "fiscalDateEnding": "2023-03-31",
            "reportedCurrency": "USD",
            "grossProfit": "2863000000",
            "totalRevenue": "4379000000",
            "costOfRevenue": "1516000000",
            "costofGoodsAndServicesSold": "1516000000",
            "operatingIncome": "1934000000",
            "sellingGeneralAndAdministrative": "474000000",
            "researchAndDevelopment": "455000000",
            "operatingExpenses": "929000000",
            "investmentIncomeNet": "None",
            "netInterestIncome": "-68000000",
            "interestIncome": "None",
            "interestExpense": "68000000",
            "nonInterestIncome": "4379000000",
            "otherNonOperatingIncome": "80000000",
            "depreciation": "265000000",
            "depreciationAndAmortization": "361000000",
            "incomeBeforeTax": "1946000000",
            "incomeTaxExpense": "238000000",
            "interestAndDebtExpense": "68000000",
            "netIncomeFromContinuingOperations": "1708000000",
            "comprehensiveIncomeNetOfTax": "1710000000",
            "ebit": "1934000000",
            "ebitda": "2295000000",
            "netIncome": "1708000000"
        },
        {
            "fiscalDateEnding": "2022-12-31",
            "reportedCurrency": "USD",
            "grossProfit": "3087000000",
            "totalRevenue": "4670000000",
            "costOfRevenue": "1583000000",
            "costofGoodsAndServicesSold": "1583000000",
            "operatingIncome": "2176000000",
            "sellingGeneralAndAdministrative": "429000000",
            "researchAndDevelopment": "434000000",
            "operatingExpenses": "1168000000",
            "investmentIncomeNet": "None",
            "netInterestIncome": "-60000000",
            "interestIncome": "None",
            "interestExpense": "60000000",
            "nonInterestIncome": "4670000000",
            "otherNonOperatingIncome": "51000000",
            "depreciation": "249000000",
            "depreciationAndAmortization": "314000000",
            "incomeBeforeTax": "2167000000",
            "incomeTaxExpense": "205000000",
            "interestAndDebtExpense": "60000000",
            "netIncomeFromContinuingOperations": "1962000000",
            "comprehensiveIncomeNetOfTax": "1862000000",
            "ebit": "2176000000",
            "ebitda": "2490000000",
            "netIncome": "1962000000"
        },
        {
            "fiscalDateEnding": "2022-09-30",
            "reportedCurrency": "USD",
            "grossProfit": "3617000000",
            "totalRevenue": "5241000000",
            "costOfRevenue": "1624000000",
            "costofGoodsAndServicesSold": "1624000000",
            "operatingIncome": "2678000000",
            "sellingGeneralAndAdministrative": "431000000",
            "researchAndDevelopment": "431000000",
            "operatingExpenses": "939000000",
            "investmentIncomeNet": "None",
            "netInterestIncome": "-53000000",
            "interestIncome": "None",
            "interestExpense": "53000000",
            "nonInterestIncome": "5241000000",
            "otherNonOperatingIncome": "33000000",
            "depreciation": "249000000",
            "depreciationAndAmortization": "295000000",
            "incomeBeforeTax": "2658000000",
            "incomeTaxExpense": "363000000",
            "interestAndDebtExpense": "53000000",
            "netIncomeFromContinuingOperations": "2295000000",
            "comprehensiveIncomeNetOfTax": "2321000000",
            "ebit": "2678000000",
            "ebitda": "2973000000",
            "netIncome": "2295000000"
        },
        {
            "fiscalDateEnding": "2022-06-30",
            "reportedCurrency": "USD",
            "grossProfit": "3625000000",
            "totalRevenue": "5212000000",
            "costOfRevenue": "1587000000",
            "costofGoodsAndServicesSold": "1587000000",
            "operatingIncome": "2723000000",
            "sellingGeneralAndAdministrative": "422000000",
            "researchAndDevelopment": "414000000",
            "operatingExpenses": "902000000",
            "investmentIncomeNet": "None",
            "netInterestIncome": "-49000000",
            "interestIncome": "None",
            "interestExpense": "49000000",
            "nonInterestIncome": "5212000000",
            "otherNonOperatingIncome": "7000000",
            "depreciation": "227000000",
            "depreciationAndAmortization": "247000000",
            "incomeBeforeTax": "2681000000",
            "incomeTaxExpense": "390000000",
            "interestAndDebtExpense": "49000000",
            "netIncomeFromContinuingOperations": "2291000000",
            "comprehensiveIncomeNetOfTax": "2264000000",
            "ebit": "2723000000",
            "ebitda": "2970000000",
            "netIncome": "2291000000"
        },
        {
            "fiscalDateEnding": "2022-03-31",
            "reportedCurrency": "USD",
            "grossProfit": "3442000000",
            "totalRevenue": "4905000000",
            "costOfRevenue": "1463000000",
            "costofGoodsAndServicesSold": "1463000000",
            "operatingIncome": "2563000000",
            "sellingGeneralAndAdministrative": "422000000",
            "researchAndDevelopment": "391000000",
            "operatingExpenses": "877000000",
            "investmentIncomeNet": "None",
            "netInterestIncome": "-52000000",
            "interestIncome": "None",
            "interestExpense": "52000000",
            "nonInterestIncome": "4905000000",
            "otherNonOperatingIncome": "15000000",
            "depreciation": "200000000",
            "depreciationAndAmortization": "229000000",
            "incomeBeforeTax": "2526000000",
            "incomeTaxExpense": "325000000",
            "interestAndDebtExpense": "52000000",
            "netIncomeFromContinuingOperations": "2201000000",
            "comprehensiveIncomeNetOfTax": "2205000000",
            "ebit": "2563000000",
            "ebitda": "2792000000",
            "netIncome": "2201000000"
        },
        {
            "fiscalDateEnding": "2021-12-31",
            "reportedCurrency": "USD",
            "grossProfit": "3350000000",
            "totalRevenue": "4832000000",
            "costOfRevenue": "1482000000",
            "costofGoodsAndServicesSold": "1482000000",
            "operatingIncome": "2503000000",
            "sellingGeneralAndAdministrative": "404000000",
            "researchAndDevelopment": "389000000",
            "operatingExpenses": "901000000",
            "investmentIncomeNet": "None",
            "netInterestIncome": "-49000000",
            "interestIncome": "None",
            "interestExpense": "49000000",
            "nonInterestIncome": "4832000000",
            "otherNonOperatingIncome": "9000000",
            "depreciation": "200000000",
            "depreciationAndAmortization": "0",
            "incomeBeforeTax": "2463000000",
            "incomeTaxExpense": "325000000",
            "interestAndDebtExpense": "49000000",
            "netIncomeFromContinuingOperations": "2138000000",
            "comprehensiveIncomeNetOfTax": "2294000000",
            "ebit": "2503000000",
            "ebitda": "2503000000",
            "netIncome": "2138000000"
        },
        {
            "fiscalDateEnding": "2021-09-30",
            "reportedCurrency": "USD",
            "grossProfit": "3152000000",
            "totalRevenue": "4643000000",
            "costOfRevenue": "1491000000",
            "costofGoodsAndServicesSold": "1491000000",
            "operatingIncome": "2305000000",
            "sellingGeneralAndAdministrative": "412000000",
            "researchAndDevelopment": "388000000",
            "operatingExpenses": "847000000",
            "investmentIncomeNet": "None",
            "netInterestIncome": "-45000000",
            "interestIncome": "None",
            "interestExpense": "45000000",
            "nonInterestIncome": "4643000000",
            "otherNonOperatingIncome": "15000000",
            "depreciation": "192000000",
            "depreciationAndAmortization": "47000000",
            "incomeBeforeTax": "2275000000",
            "incomeTaxExpense": "328000000",
            "interestAndDebtExpense": "45000000",
            "netIncomeFromContinuingOperations": "1947000000",
            "comprehensiveIncomeNetOfTax": "1957000000",
            "ebit": "2305000000",
            "ebitda": "2352000000",
            "netIncome": "1947000000"
        },
        {
            "fiscalDateEnding": "2021-06-30",
            "reportedCurrency": "USD",
            "grossProfit": "3077000000",
            "totalRevenue": "4580000000",
            "costOfRevenue": "1503000000",
            "costofGoodsAndServicesSold": "1503000000",
            "operatingIncome": "2213000000",
            "sellingGeneralAndAdministrative": "425000000",
            "researchAndDevelopment": "391000000",
            "operatingExpenses": "864000000",
            "investmentIncomeNet": "None",
            "netInterestIncome": "-44000000",
            "interestIncome": "None",
            "interestExpense": "44000000",
            "nonInterestIncome": "4580000000",
            "otherNonOperatingIncome": "73000000",
            "depreciation": "184000000",
            "depreciationAndAmortization": "48000000",
            "incomeBeforeTax": "2242000000",
            "incomeTaxExpense": "311000000",
            "interestAndDebtExpense": "44000000",
            "netIncomeFromContinuingOperations": "1931000000",
            "comprehensiveIncomeNetOfTax": "1955000000",
            "ebit": "2213000000",
            "ebitda": "2261000000",
            "netIncome": "1931000000"
        },
        {
            "fiscalDateEnding": "2021-03-31",
            "reportedCurrency": "USD",
            "grossProfit": "2797000000",
            "totalRevenue": "4289000000",
            "costOfRevenue": "1492000000",
            "costofGoodsAndServicesSold": "1492000000",
            "operatingIncome": "1939000000",
            "sellingGeneralAndAdministrative": "425000000",
            "researchAndDevelopment": "386000000",
            "operatingExpenses": "904000000",
            "investmentIncomeNet": "None",
            "netInterestIncome": "-46000000",
            "interestIncome": "None",
            "interestExpense": "46000000",
            "nonInterestIncome": "4289000000",
            "otherNonOperatingIncome": "46000000",
            "depreciation": "179000000",
            "depreciationAndAmortization": "94000000",
            "incomeBeforeTax": "1939000000",
            "incomeTaxExpense": "186000000",
            "interestAndDebtExpense": "46000000",
            "netIncomeFromContinuingOperations": "1753000000",
            "comprehensiveIncomeNetOfTax": "1766000000",
            "ebit": "1939000000",
            "ebitda": "2033000000",
            "netIncome": "1753000000"
        },
        {
            "fiscalDateEnding": "2020-12-31",
            "reportedCurrency": "USD",
            "grossProfit": "2646000000",
            "totalRevenue": "4076000000",
            "costOfRevenue": "1430000000",
            "costofGoodsAndServicesSold": "1430000000",
            "operatingIncome": "1813000000",
            "sellingGeneralAndAdministrative": "398000000",
            "researchAndDevelopment": "388000000",
            "operatingExpenses": "47000000",
            "investmentIncomeNet": "None",
            "netInterestIncome": "-48000000",
            "interestIncome": "None",
            "interestExpense": "48000000",
            "nonInterestIncome": "4076000000",
            "otherNonOperatingIncome": "162000000",
            "depreciation": "180000000",
            "depreciationAndAmortization": "47000000",
            "incomeBeforeTax": "1927000000",
            "incomeTaxExpense": "239000000",
            "interestAndDebtExpense": "48000000",
            "netIncomeFromContinuingOperations": "1813000000",
            "comprehensiveIncomeNetOfTax": "1663000000",
            "ebit": "1813000000",
            "ebitda": "1860000000",
            "netIncome": "1688000000"
        },
        {
            "fiscalDateEnding": "2020-09-30",
            "reportedCurrency": "USD",
            "grossProfit": "2453000000",
            "totalRevenue": "3817000000",
            "costOfRevenue": "1364000000",
            "costofGoodsAndServicesSold": "1364000000",
            "operatingIncome": "1609000000",
            "sellingGeneralAndAdministrative": "407000000",
            "researchAndDevelopment": "386000000",
            "operatingExpenses": "895000000",
            "investmentIncomeNet": "None",
            "netInterestIncome": "-49000000",
            "interestIncome": "None",
            "interestExpense": "49000000",
            "nonInterestIncome": "3817000000",
            "otherNonOperatingIncome": "27000000",
            "depreciation": "183000000",
            "depreciationAndAmortization": "51000000",
            "incomeBeforeTax": "1587000000",
            "incomeTaxExpense": "234000000",
            "interestAndDebtExpense": "49000000",
            "netIncomeFromContinuingOperations": "1353000000",
            "comprehensiveIncomeNetOfTax": "1352000000",
            "ebit": "1609000000",
            "ebitda": "1660000000",
            "netIncome": "1353000000"
        },
        {
            "fiscalDateEnding": "2020-06-30",
            "reportedCurrency": "USD",
            "grossProfit": "2082000000",
            "totalRevenue": "3239000000",
            "costOfRevenue": "1157000000",
            "costofGoodsAndServicesSold": "1157000000",
            "operatingIncome": "1228000000",
            "sellingGeneralAndAdministrative": "401000000",
            "researchAndDevelopment": "379000000",
            "operatingExpenses": "880000000",
            "investmentIncomeNet": "None",
            "netInterestIncome": "-48000000",
            "interestIncome": "48000000",
            "interestExpense": "48000000",
            "nonInterestIncome": "3239000000",
            "otherNonOperatingIncome": "99000000",
            "depreciation": "184000000",
            "depreciationAndAmortization": "50000000",
            "incomeBeforeTax": "1279000000",
            "incomeTaxExpense": "-101000000",
            "interestAndDebtExpense": "48000000",
            "netIncomeFromContinuingOperations": "1380000000",
            "comprehensiveIncomeNetOfTax": "1374000000",
            "ebit": "1228000000",
            "ebitda": "1278000000",
            "netIncome": "1380000000"
        },
        {
            "fiscalDateEnding": "2020-03-31",
            "reportedCurrency": "USD",
            "grossProfit": "2088000000",
            "totalRevenue": "3329000000",
            "costOfRevenue": "1241000000",
            "costofGoodsAndServicesSold": "1241000000",
            "operatingIncome": "1244000000",
            "sellingGeneralAndAdministrative": "417000000",
            "researchAndDevelopment": "377000000",
            "operatingExpenses": "894000000",
            "investmentIncomeNet": "None",
            "netInterestIncome": "-45000000",
            "interestIncome": "45000000",
            "interestExpense": "45000000",
            "nonInterestIncome": "3329000000",
            "otherNonOperatingIncome": "25000000",
            "depreciation": "186000000",
            "depreciationAndAmortization": "50000000",
            "incomeBeforeTax": "1224000000",
            "incomeTaxExpense": "50000000",
            "interestAndDebtExpense": "45000000",
            "netIncomeFromContinuingOperations": "1174000000",
            "comprehensiveIncomeNetOfTax": "1193000000",
            "ebit": "1244000000",
            "ebitda": "1294000000",
            "netIncome": "1174000000"
        },
        {
            "fiscalDateEnding": "2019-12-31",
            "reportedCurrency": "USD",
            "grossProfit": "2097000000",
            "totalRevenue": "3350000000",
            "costOfRevenue": "-441000000",
            "costofGoodsAndServicesSold": "1253000000",
            "operatingIncome": "1249000000",
            "sellingGeneralAndAdministrative": "412000000",
            "researchAndDevelopment": "386000000",
            "operatingExpenses": "50000000",
            "investmentIncomeNet": "None",
            "netInterestIncome": "-45000000",
            "interestIncome": "45000000",
            "interestExpense": "45000000",
            "nonInterestIncome": "3350000000",
            "otherNonOperatingIncome": "53000000",
            "depreciation": "186000000",
            "depreciationAndAmortization": "50000000",
            "incomeBeforeTax": "1257000000",
            "incomeTaxExpense": "187000000",
            "interestAndDebtExpense": "45000000",
            "netIncomeFromContinuingOperations": "1249000000",
            "comprehensiveIncomeNetOfTax": "1166000000",
            "ebit": "1249000000",
            "ebitda": "1299000000",
            "netIncome": "1070000000"
        },
        {
            "fiscalDateEnding": "2019-09-30",
            "reportedCurrency": "USD",
            "grossProfit": "2446000000",
            "totalRevenue": "3771000000",
            "costOfRevenue": "1882000000",
            "costofGoodsAndServicesSold": "1325000000",
            "operatingIncome": "1589000000",
            "sellingGeneralAndAdministrative": "399000000",
            "researchAndDevelopment": "379000000",
            "operatingExpenses": "936000000",
            "investmentIncomeNet": "None",
            "netInterestIncome": "-43000000",
            "interestIncome": "43000000",
            "interestExpense": "43000000",
            "nonInterestIncome": "3771000000",
            "otherNonOperatingIncome": "34000000",
            "depreciation": "183000000",
            "depreciationAndAmortization": "79000000",
            "incomeBeforeTax": "1580000000",
            "incomeTaxExpense": "155000000",
            "interestAndDebtExpense": "43000000",
            "netIncomeFromContinuingOperations": "1425000000",
            "comprehensiveIncomeNetOfTax": "1439000000",
            "ebit": "1589000000",
            "ebitda": "1668000000",
            "netIncome": "1425000000"
        },
        {
            "fiscalDateEnding": "2019-06-30",
            "reportedCurrency": "USD",
            "grossProfit": "2360000000",
            "totalRevenue": "3668000000",
            "costOfRevenue": "1888000000",
            "costofGoodsAndServicesSold": "1308000000",
            "operatingIncome": "1506000000",
            "sellingGeneralAndAdministrative": "420000000",
            "researchAndDevelopment": "390000000",
            "operatingExpenses": "970000000",
            "investmentIncomeNet": "None",
            "netInterestIncome": "-44000000",
            "interestIncome": "44000000",
            "interestExpense": "44000000",
            "nonInterestIncome": "3668000000",
            "otherNonOperatingIncome": "52000000",
            "depreciation": "173000000",
            "depreciationAndAmortization": "80000000",
            "incomeBeforeTax": "1514000000",
            "incomeTaxExpense": "209000000",
            "interestAndDebtExpense": "44000000",
            "netIncomeFromContinuingOperations": "1305000000",
            "comprehensiveIncomeNetOfTax": "1313000000",
            "ebit": "1506000000",
            "ebitda": "1586000000",
            "netIncome": "1305000000"
        },
        {
            "fiscalDateEnding": "2019-03-31",
            "reportedCurrency": "USD",
            "grossProfit": "2261000000",
            "totalRevenue": "3594000000",
            "costOfRevenue": "1905000000",
            "costofGoodsAndServicesSold": "1333000000",
            "operatingIncome": "1379000000",
            "sellingGeneralAndAdministrative": "414000000",
            "researchAndDevelopment": "389000000",
            "operatingExpenses": "959000000",
            "investmentIncomeNet": "None",
            "netInterestIncome": "-38000000",
            "interestIncome": "None",
            "interestExpense": "38000000",
            "nonInterestIncome": "3594000000",
            "otherNonOperatingIncome": "36000000",
            "depreciation": "166000000",
            "depreciationAndAmortization": "79000000",
            "incomeBeforeTax": "1377000000",
            "incomeTaxExpense": "160000000",
            "interestAndDebtExpense": "38000000",
            "netIncomeFromContinuingOperations": "1217000000",
            "comprehensiveIncomeNetOfTax": "1225000000",
            "ebit": "1379000000",
            "ebitda": "1458000000",
            "netIncome": "1217000000"
        },
        {
            "fiscalDateEnding": "2018-12-31",
            "reportedCurrency": "USD",
            "grossProfit": "2407000000",
            "totalRevenue": "3717000000",
            "costOfRevenue": "79000000",
            "costofGoodsAndServicesSold": "1310000000",
            "operatingIncome": "1516000000",
            "sellingGeneralAndAdministrative": "414000000",
            "researchAndDevelopment": "400000000",
            "operatingExpenses": "79000000",
            "investmentIncomeNet": "None",
            "netInterestIncome": "None",
            "interestIncome": "None",
            "interestExpense": "36000000",
            "nonInterestIncome": "3717000000",
            "otherNonOperatingIncome": "23000000",
            "depreciation": "158000000",
            "depreciationAndAmortization": "79000000",
            "incomeBeforeTax": "1503000000",
            "incomeTaxExpense": "264000000",
            "interestAndDebtExpense": "36000000",
            "netIncomeFromContinuingOperations": "1516000000",
            "comprehensiveIncomeNetOfTax": "1150000000",
            "ebit": "1516000000",
            "ebitda": "1595000000",
            "netIncome": "1239000000"
        },
        {
            "fiscalDateEnding": "2018-09-30",
            "reportedCurrency": "USD",
            "grossProfit": "2804000000",
            "totalRevenue": "4261000000",
            "costOfRevenue": "2013000000",
            "costofGoodsAndServicesSold": "1457000000",
            "operatingIncome": "1937000000",
            "sellingGeneralAndAdministrative": "396000000",
            "researchAndDevelopment": "390000000",
            "operatingExpenses": "946000000",
            "investmentIncomeNet": "None",
            "netInterestIncome": "None",
            "interestIncome": "None",
            "interestExpense": "36000000",
            "nonInterestIncome": "4261000000",
            "otherNonOperatingIncome": "23000000",
            "depreciation": "151000000",
            "depreciationAndAmortization": "80000000",
            "incomeBeforeTax": "1924000000",
            "incomeTaxExpense": "354000000",
            "interestAndDebtExpense": "36000000",
            "netIncomeFromContinuingOperations": "1570000000",
            "comprehensiveIncomeNetOfTax": "1587000000",
            "ebit": "1937000000",
            "ebitda": "2017000000",
            "netIncome": "1570000000"
        },
        {
            "fiscalDateEnding": "2018-06-30",
            "reportedCurrency": "USD",
            "grossProfit": "2619000000",
            "totalRevenue": "4017000000",
            "costOfRevenue": "1997000000",
            "costofGoodsAndServicesSold": "1398000000",
            "operatingIncome": "1712000000",
            "sellingGeneralAndAdministrative": "441000000",
            "researchAndDevelopment": "384000000",
            "operatingExpenses": "983000000",
            "investmentIncomeNet": "None",
            "netInterestIncome": "None",
            "interestIncome": "None",
            "interestExpense": "30000000",
            "nonInterestIncome": "4017000000",
            "otherNonOperatingIncome": "24000000",
            "depreciation": "144000000",
            "depreciationAndAmortization": "79000000",
            "incomeBeforeTax": "1706000000",
            "incomeTaxExpense": "301000000",
            "interestAndDebtExpense": "30000000",
            "netIncomeFromContinuingOperations": "1405000000",
            "comprehensiveIncomeNetOfTax": "1426000000",
            "ebit": "1712000000",
            "ebitda": "1791000000",
            "netIncome": "1405000000"
        }
    ]
}