{
    "symbol": "TYL",
    "annualReports": [
        {
            "fiscalDateEnding": "2022-12-31",
            "reportedCurrency": "USD",
            "grossProfit": "783863000",
            "totalRevenue": "1821825000",
            "costOfRevenue": "1583308000",
            "costofGoodsAndServicesSold": "1066341000",
            "operatingIncome": "214249000",
            "sellingGeneralAndAdministrative": "403067000",
            "researchAndDevelopment": "105200000",
            "operatingExpenses": "624948000",
            "investmentIncomeNet": "None",
            "netInterestIncome": "-28379000",
            "interestIncome": "28379000",
            "interestExpense": "28379000",
            "nonInterestIncome": "1850204000",
            "otherNonOperatingIncome": "1723000",
            "depreciation": "29500000",
            "depreciationAndAmortization": "113900000",
            "incomeBeforeTax": "187593000",
            "incomeTaxExpense": "23353000",
            "interestAndDebtExpense": "28379000",
            "netIncomeFromContinuingOperations": "164240000",
            "comprehensiveIncomeNetOfTax": "163442000",
            "ebit": "214249000",
            "ebitda": "328149000",
            "netIncome": "164240000"
        },
        {
            "fiscalDateEnding": "2021-12-31",
            "reportedCurrency": "USD",
            "grossProfit": "709644000",
            "totalRevenue": "1568989000",
            "costOfRevenue": "1364022000",
            "costofGoodsAndServicesSold": "882643000",
            "operatingIncome": "180735000",
            "sellingGeneralAndAdministrative": "390579000",
            "researchAndDevelopment": "93481000",
            "operatingExpenses": "577691000",
            "investmentIncomeNet": "None",
            "netInterestIncome": "-23298000",
            "interestIncome": "23298000",
            "interestExpense": "23298000",
            "nonInterestIncome": "1592287000",
            "otherNonOperatingIncome": "1544000",
            "depreciation": "29400000",
            "depreciationAndAmortization": "90800000",
            "incomeBeforeTax": "158981000",
            "incomeTaxExpense": "-2477000",
            "interestAndDebtExpense": "23298000",
            "netIncomeFromContinuingOperations": "161458000",
            "comprehensiveIncomeNetOfTax": "161458000",
            "ebit": "180735000",
            "ebitda": "271535000",
            "netIncome": "161458000"
        },
        {
            "fiscalDateEnding": "2020-12-31",
            "reportedCurrency": "USD",
            "grossProfit": "542512000",
            "totalRevenue": "1116663000",
            "costOfRevenue": "888812000",
            "costofGoodsAndServicesSold": "574151000",
            "operatingIncome": "172926000",
            "sellingGeneralAndAdministrative": "259561000",
            "researchAndDevelopment": "88363000",
            "operatingExpenses": "404141000",
            "investmentIncomeNet": "None",
            "netInterestIncome": "-1013000",
            "interestIncome": "None",
            "interestExpense": "2116000",
            "nonInterestIncome": "1116663000",
            "otherNonOperatingIncome": "3129000",
            "depreciation": "25500000",
            "depreciationAndAmortization": "55100000",
            "incomeBeforeTax": "175042000",
            "incomeTaxExpense": "-19778000",
            "interestAndDebtExpense": "1013000",
            "netIncomeFromContinuingOperations": "194820000",
            "comprehensiveIncomeNetOfTax": "194820000",
            "ebit": "172926000",
            "ebitda": "228026000",
            "netIncome": "194820000"
        },
        {
            "fiscalDateEnding": "2019-12-31",
            "reportedCurrency": "USD",
            "grossProfit": "516900000",
            "totalRevenue": "1086427000",
            "costOfRevenue": "880073000",
            "costofGoodsAndServicesSold": "569527000",
            "operatingIncome": "156367000",
            "sellingGeneralAndAdministrative": "257746000",
            "researchAndDevelopment": "81300000",
            "operatingExpenses": "393482000",
            "investmentIncomeNet": "None",
            "netInterestIncome": "-2027000",
            "interestIncome": "None",
            "interestExpense": "3471000",
            "nonInterestIncome": "1086427000",
            "otherNonOperatingIncome": "5498000",
            "depreciation": "23400000",
            "depreciationAndAmortization": "52800000",
            "incomeBeforeTax": "159838000",
            "incomeTaxExpense": "13311000",
            "interestAndDebtExpense": "None",
            "netIncomeFromContinuingOperations": "146527000",
            "comprehensiveIncomeNetOfTax": "146527000",
            "ebit": "156367000",
            "ebitda": "209167000",
            "netIncome": "146527000"
        },
        {
            "fiscalDateEnding": "2018-12-31",
            "reportedCurrency": "USD",
            "grossProfit": "439578000",
            "totalRevenue": "935282000",
            "costOfRevenue": "742909000",
            "costofGoodsAndServicesSold": "495704000",
            "operatingIncome": "152492000",
            "sellingGeneralAndAdministrative": "207605000",
            "researchAndDevelopment": "63300000",
            "operatingExpenses": "312791000",
            "investmentIncomeNet": "None",
            "netInterestIncome": "None",
            "interestIncome": "None",
            "interestExpense": "None",
            "nonInterestIncome": "935282000",
            "otherNonOperatingIncome": "3378000",
            "depreciation": "21200000",
            "depreciationAndAmortization": "39600000",
            "incomeBeforeTax": "155870000",
            "incomeTaxExpense": "8408000",
            "interestAndDebtExpense": "None",
            "netIncomeFromContinuingOperations": "147462000",
            "comprehensiveIncomeNetOfTax": "147462000",
            "ebit": "152492000",
            "ebitda": "192092000",
            "netIncome": "147462000"
        }
    ],
    "quarterlyReports": [
        {
            "fiscalDateEnding": "2023-03-31",
            "reportedCurrency": "USD",
            "grossProfit": "199837000",
            "totalRevenue": "464169000",
            "costOfRevenue": "381479000",
            "costofGoodsAndServicesSold": "272016000",
            "operatingIncome": "44980000",
            "sellingGeneralAndAdministrative": "109463000",
            "researchAndDevelopment": "26987000",
            "operatingExpenses": "136450000",
            "investmentIncomeNet": "None",
            "netInterestIncome": "-7684000",
            "interestIncome": "7684000",
            "interestExpense": "7684000",
            "nonInterestIncome": "471853000",
            "otherNonOperatingIncome": "1246000",
            "depreciation": "None",
            "depreciationAndAmortization": "38112000",
            "incomeBeforeTax": "38542000",
            "incomeTaxExpense": "7667000",
            "interestAndDebtExpense": "7684000",
            "netIncomeFromContinuingOperations": "30875000",
            "comprehensiveIncomeNetOfTax": "30969000",
            "ebit": "44980000",
            "ebitda": "84338000",
            "netIncome": "30875000"
        },
        {
            "fiscalDateEnding": "2022-12-31",
            "reportedCurrency": "USD",
            "grossProfit": "193333000",
            "totalRevenue": "444118000",
            "costOfRevenue": "474639000",
            "costofGoodsAndServicesSold": "258888000",
            "operatingIncome": "40711000",
            "sellingGeneralAndAdministrative": "101851000",
            "researchAndDevelopment": "32683000",
            "operatingExpenses": "251215000",
            "investmentIncomeNet": "None",
            "netInterestIncome": "-8103000",
            "interestIncome": "8103000",
            "interestExpense": "8103000",
            "nonInterestIncome": "452221000",
            "otherNonOperatingIncome": "1011000",
            "depreciation": "None",
            "depreciationAndAmortization": "43134000",
            "incomeBeforeTax": "33619000",
            "incomeTaxExpense": "2542000",
            "interestAndDebtExpense": "8103000",
            "netIncomeFromContinuingOperations": "31077000",
            "comprehensiveIncomeNetOfTax": "31079000",
            "ebit": "40711000",
            "ebitda": "83845000",
            "netIncome": "31077000"
        },
        {
            "fiscalDateEnding": "2022-09-30",
            "reportedCurrency": "USD",
            "grossProfit": "204663000",
            "totalRevenue": "463933000",
            "costOfRevenue": "372147000",
            "costofGoodsAndServicesSold": "268528000",
            "operatingIncome": "60913000",
            "sellingGeneralAndAdministrative": "103619000",
            "researchAndDevelopment": "25190000",
            "operatingExpenses": "128809000",
            "investmentIncomeNet": "None",
            "netInterestIncome": "-9258000",
            "interestIncome": "9258000",
            "interestExpense": "9258000",
            "nonInterestIncome": "473191000",
            "otherNonOperatingIncome": "131000",
            "depreciation": "None",
            "depreciationAndAmortization": "41215000",
            "incomeBeforeTax": "51786000",
            "incomeTaxExpense": "-1447000",
            "interestAndDebtExpense": "9258000",
            "netIncomeFromContinuingOperations": "53233000",
            "comprehensiveIncomeNetOfTax": "53196000",
            "ebit": "60913000",
            "ebitda": "102128000",
            "netIncome": "53233000"
        },
        {
            "fiscalDateEnding": "2022-06-30",
            "reportedCurrency": "USD",
            "grossProfit": "193448000",
            "totalRevenue": "462471000",
            "costOfRevenue": "374938000",
            "costofGoodsAndServicesSold": "275237000",
            "operatingIncome": "56757000",
            "sellingGeneralAndAdministrative": "99701000",
            "researchAndDevelopment": "23386000",
            "operatingExpenses": "123087000",
            "investmentIncomeNet": "None",
            "netInterestIncome": "-6214000",
            "interestIncome": "6214000",
            "interestExpense": "6214000",
            "nonInterestIncome": "468685000",
            "otherNonOperatingIncome": "216000",
            "depreciation": "None",
            "depreciationAndAmortization": "37933000",
            "incomeBeforeTax": "50759000",
            "incomeTaxExpense": "10813000",
            "interestAndDebtExpense": "6214000",
            "netIncomeFromContinuingOperations": "39946000",
            "comprehensiveIncomeNetOfTax": "39880000",
            "ebit": "56757000",
            "ebitda": "94690000",
            "netIncome": "39946000"
        },
        {
            "fiscalDateEnding": "2022-03-31",
            "reportedCurrency": "USD",
            "grossProfit": "192418000",
            "totalRevenue": "451304000",
            "costOfRevenue": "361585000",
            "costofGoodsAndServicesSold": "263690000",
            "operatingIncome": "55868000",
            "sellingGeneralAndAdministrative": "97895000",
            "researchAndDevelopment": "23941000",
            "operatingExpenses": "121836000",
            "investmentIncomeNet": "None",
            "netInterestIncome": "-4804000",
            "interestIncome": "4804000",
            "interestExpense": "4804000",
            "nonInterestIncome": "456108000",
            "otherNonOperatingIncome": "364000",
            "depreciation": "None",
            "depreciationAndAmortization": "38513000",
            "incomeBeforeTax": "51428000",
            "incomeTaxExpense": "11444000",
            "interestAndDebtExpense": "4804000",
            "netIncomeFromContinuingOperations": "39984000",
            "comprehensiveIncomeNetOfTax": "39287000",
            "ebit": "55868000",
            "ebitda": "94381000",
            "netIncome": "39984000"
        },
        {
            "fiscalDateEnding": "2021-12-31",
            "reportedCurrency": "USD",
            "grossProfit": "187160000",
            "totalRevenue": "428550000",
            "costOfRevenue": "438213000",
            "costofGoodsAndServicesSold": "246377000",
            "operatingIncome": "48052000",
            "sellingGeneralAndAdministrative": "101036000",
            "researchAndDevelopment": "24238000",
            "operatingExpenses": "219660000",
            "investmentIncomeNet": "None",
            "netInterestIncome": "-4987000",
            "interestIncome": "4987000",
            "interestExpense": "4987000",
            "nonInterestIncome": "433537000",
            "otherNonOperatingIncome": "295000",
            "depreciation": "None",
            "depreciationAndAmortization": "37760000",
            "incomeBeforeTax": "43360000",
            "incomeTaxExpense": "-11422000",
            "interestAndDebtExpense": "4987000",
            "netIncomeFromContinuingOperations": "54782000",
            "comprehensiveIncomeNetOfTax": "54782000",
            "ebit": "48052000",
            "ebitda": "86107000",
            "netIncome": "54782000"
        },
        {
            "fiscalDateEnding": "2021-09-30",
            "reportedCurrency": "USD",
            "grossProfit": "196216000",
            "totalRevenue": "454477000",
            "costOfRevenue": "365504000",
            "costofGoodsAndServicesSold": "263657000",
            "operatingIncome": "56184000",
            "sellingGeneralAndAdministrative": "101847000",
            "researchAndDevelopment": "24002000",
            "operatingExpenses": "125849000",
            "investmentIncomeNet": "None",
            "netInterestIncome": "-5396000",
            "interestIncome": "5396000",
            "interestExpense": "5396000",
            "nonInterestIncome": "459873000",
            "otherNonOperatingIncome": "445000",
            "depreciation": "None",
            "depreciationAndAmortization": "36888000",
            "incomeBeforeTax": "51233000",
            "incomeTaxExpense": "7063000",
            "interestAndDebtExpense": "5396000",
            "netIncomeFromContinuingOperations": "44170000",
            "comprehensiveIncomeNetOfTax": "44170000",
            "ebit": "56184000",
            "ebitda": "93517000",
            "netIncome": "44170000"
        },
        {
            "fiscalDateEnding": "2021-06-30",
            "reportedCurrency": "USD",
            "grossProfit": "182061000",
            "totalRevenue": "391637000",
            "costOfRevenue": "330936000",
            "costofGoodsAndServicesSold": "222014000",
            "operatingIncome": "38291000",
            "sellingGeneralAndAdministrative": "108922000",
            "researchAndDevelopment": "23428000",
            "operatingExpenses": "132350000",
            "investmentIncomeNet": "None",
            "netInterestIncome": "-12437000",
            "interestIncome": "1000",
            "interestExpense": "12438000",
            "nonInterestIncome": "404075000",
            "otherNonOperatingIncome": "238000",
            "depreciation": "None",
            "depreciationAndAmortization": "39876000",
            "incomeBeforeTax": "26092000",
            "incomeTaxExpense": "562000",
            "interestAndDebtExpense": "12437000",
            "netIncomeFromContinuingOperations": "25530000",
            "comprehensiveIncomeNetOfTax": "25530000",
            "ebit": "38291000",
            "ebitda": "78406000",
            "netIncome": "25530000"
        },
        {
            "fiscalDateEnding": "2021-03-31",
            "reportedCurrency": "USD",
            "grossProfit": "144207000",
            "totalRevenue": "294719000",
            "costOfRevenue": "229369000",
            "costofGoodsAndServicesSold": "150595000",
            "operatingIncome": "38208000",
            "sellingGeneralAndAdministrative": "78774000",
            "researchAndDevelopment": "21813000",
            "operatingExpenses": "100014000",
            "investmentIncomeNet": "None",
            "netInterestIncome": "-478000",
            "interestIncome": "-395000",
            "interestExpense": "83000",
            "nonInterestIncome": "294802000",
            "otherNonOperatingIncome": "566000",
            "depreciation": "None",
            "depreciationAndAmortization": "21100000",
            "incomeBeforeTax": "38296000",
            "incomeTaxExpense": "1320000",
            "interestAndDebtExpense": "178000",
            "netIncomeFromContinuingOperations": "36976000",
            "comprehensiveIncomeNetOfTax": "36976000",
            "ebit": "38208000",
            "ebitda": "59396000",
            "netIncome": "36976000"
        },
        {
            "fiscalDateEnding": "2020-12-31",
            "reportedCurrency": "USD",
            "grossProfit": "138669000",
            "totalRevenue": "283285000",
            "costOfRevenue": "262452000",
            "costofGoodsAndServicesSold": "144616000",
            "operatingIncome": "48036000",
            "sellingGeneralAndAdministrative": "62736000",
            "researchAndDevelopment": "22411000",
            "operatingExpenses": "141364000",
            "investmentIncomeNet": "None",
            "netInterestIncome": "-256000",
            "interestIncome": "None",
            "interestExpense": "None",
            "nonInterestIncome": "283285000",
            "otherNonOperatingIncome": "632000",
            "depreciation": "None",
            "depreciationAndAmortization": "20911000",
            "incomeBeforeTax": "48412000",
            "incomeTaxExpense": "-5682000",
            "interestAndDebtExpense": "None",
            "netIncomeFromContinuingOperations": "48412000",
            "comprehensiveIncomeNetOfTax": "54094000",
            "ebit": "48036000",
            "ebitda": "69323000",
            "netIncome": "54094000"
        },
        {
            "fiscalDateEnding": "2020-09-30",
            "reportedCurrency": "USD",
            "grossProfit": "143509000",
            "totalRevenue": "285746000",
            "costOfRevenue": "209056000",
            "costofGoodsAndServicesSold": "142237000",
            "operatingIncome": "49656000",
            "sellingGeneralAndAdministrative": "66819000",
            "researchAndDevelopment": "21642000",
            "operatingExpenses": "88461000",
            "investmentIncomeNet": "None",
            "netInterestIncome": "-254000",
            "interestIncome": "None",
            "interestExpense": "None",
            "nonInterestIncome": "285746000",
            "otherNonOperatingIncome": "534000",
            "depreciation": "None",
            "depreciationAndAmortization": "20476000",
            "incomeBeforeTax": "49936000",
            "incomeTaxExpense": "10652000",
            "interestAndDebtExpense": "None",
            "netIncomeFromContinuingOperations": "39284000",
            "comprehensiveIncomeNetOfTax": "39284000",
            "ebit": "49656000",
            "ebitda": "70412000",
            "netIncome": "39284000"
        },
        {
            "fiscalDateEnding": "2020-06-30",
            "reportedCurrency": "USD",
            "grossProfit": "131203000",
            "totalRevenue": "271091000",
            "costOfRevenue": "202409000",
            "costofGoodsAndServicesSold": "139888000",
            "operatingIncome": "41341000",
            "sellingGeneralAndAdministrative": "62521000",
            "researchAndDevelopment": "21949000",
            "operatingExpenses": "84470000",
            "investmentIncomeNet": "None",
            "netInterestIncome": "-251000",
            "interestIncome": "None",
            "interestExpense": "251000",
            "nonInterestIncome": "271091000",
            "otherNonOperatingIncome": "470000",
            "depreciation": "None",
            "depreciationAndAmortization": "20285000",
            "incomeBeforeTax": "41811000",
            "incomeTaxExpense": "-12081000",
            "interestAndDebtExpense": "251000",
            "netIncomeFromContinuingOperations": "53892000",
            "comprehensiveIncomeNetOfTax": "53892000",
            "ebit": "41341000",
            "ebitda": "62096000",
            "netIncome": "53892000"
        },
        {
            "fiscalDateEnding": "2020-03-31",
            "reportedCurrency": "USD",
            "grossProfit": "129131000",
            "totalRevenue": "276541000",
            "costOfRevenue": "214895000",
            "costofGoodsAndServicesSold": "147410000",
            "operatingIncome": "33893000",
            "sellingGeneralAndAdministrative": "67485000",
            "researchAndDevelopment": "22361000",
            "operatingExpenses": "89846000",
            "investmentIncomeNet": "None",
            "netInterestIncome": "-251000",
            "interestIncome": "990000",
            "interestExpense": "251000",
            "nonInterestIncome": "276541000",
            "otherNonOperatingIncome": "990000",
            "depreciation": "None",
            "depreciationAndAmortization": "19985000",
            "incomeBeforeTax": "34883000",
            "incomeTaxExpense": "-12667000",
            "interestAndDebtExpense": "251000",
            "netIncomeFromContinuingOperations": "47550000",
            "comprehensiveIncomeNetOfTax": "47550000",
            "ebit": "33893000",
            "ebitda": "55858000",
            "netIncome": "47550000"
        },
        {
            "fiscalDateEnding": "2019-12-31",
            "reportedCurrency": "USD",
            "grossProfit": "142275000",
            "totalRevenue": "288837000",
            "costOfRevenue": "253865000",
            "costofGoodsAndServicesSold": "146562000",
            "operatingIncome": "45157000",
            "sellingGeneralAndAdministrative": "70265000",
            "researchAndDevelopment": "21128000",
            "operatingExpenses": "127159000",
            "investmentIncomeNet": "None",
            "netInterestIncome": "None",
            "interestIncome": "None",
            "interestExpense": "1750000",
            "nonInterestIncome": "288837000",
            "otherNonOperatingIncome": "4660000",
            "depreciation": "None",
            "depreciationAndAmortization": "37038000",
            "incomeBeforeTax": "47790000",
            "incomeTaxExpense": "1000000",
            "interestAndDebtExpense": "None",
            "netIncomeFromContinuingOperations": "47790000",
            "comprehensiveIncomeNetOfTax": "47790000",
            "ebit": "45157000",
            "ebitda": "82195000",
            "netIncome": "46790000"
        },
        {
            "fiscalDateEnding": "2019-09-30",
            "reportedCurrency": "USD",
            "grossProfit": "130717000",
            "totalRevenue": "275400000",
            "costOfRevenue": "214217000",
            "costofGoodsAndServicesSold": "144683000",
            "operatingIncome": "40053000",
            "sellingGeneralAndAdministrative": "63888000",
            "researchAndDevelopment": "21130000",
            "operatingExpenses": "90664000",
            "investmentIncomeNet": "None",
            "netInterestIncome": "None",
            "interestIncome": "None",
            "interestExpense": "1750000",
            "nonInterestIncome": "275400000",
            "otherNonOperatingIncome": "499000",
            "depreciation": "None",
            "depreciationAndAmortization": "5646000",
            "incomeBeforeTax": "40552000",
            "incomeTaxExpense": "162000",
            "interestAndDebtExpense": "None",
            "netIncomeFromContinuingOperations": "40390000",
            "comprehensiveIncomeNetOfTax": "40390000",
            "ebit": "40053000",
            "ebitda": "45699000",
            "netIncome": "40390000"
        },
        {
            "fiscalDateEnding": "2019-06-30",
            "reportedCurrency": "USD",
            "grossProfit": "127860000",
            "totalRevenue": "275124000",
            "costOfRevenue": "218357000",
            "costofGoodsAndServicesSold": "147264000",
            "operatingIncome": "36666000",
            "sellingGeneralAndAdministrative": "65827000",
            "researchAndDevelopment": "20101000",
            "operatingExpenses": "91194000",
            "investmentIncomeNet": "None",
            "netInterestIncome": "None",
            "interestIncome": "None",
            "interestExpense": "709000",
            "nonInterestIncome": "275124000",
            "otherNonOperatingIncome": "-247000",
            "depreciation": "None",
            "depreciationAndAmortization": "5266000",
            "incomeBeforeTax": "36419000",
            "incomeTaxExpense": "4420000",
            "interestAndDebtExpense": "None",
            "netIncomeFromContinuingOperations": "31999000",
            "comprehensiveIncomeNetOfTax": "31999000",
            "ebit": "36666000",
            "ebitda": "41932000",
            "netIncome": "31999000"
        },
        {
            "fiscalDateEnding": "2019-03-31",
            "reportedCurrency": "USD",
            "grossProfit": "116048000",
            "totalRevenue": "247066000",
            "costOfRevenue": "193634000",
            "costofGoodsAndServicesSold": "131018000",
            "operatingIncome": "34491000",
            "sellingGeneralAndAdministrative": "57766000",
            "researchAndDevelopment": "18941000",
            "operatingExpenses": "82705000",
            "investmentIncomeNet": "None",
            "netInterestIncome": "None",
            "interestIncome": "None",
            "interestExpense": "709000",
            "nonInterestIncome": "247066000",
            "otherNonOperatingIncome": "586000",
            "depreciation": "None",
            "depreciationAndAmortization": "4850000",
            "incomeBeforeTax": "35077000",
            "incomeTaxExpense": "7729000",
            "interestAndDebtExpense": "None",
            "netIncomeFromContinuingOperations": "27348000",
            "comprehensiveIncomeNetOfTax": "27348000",
            "ebit": "34491000",
            "ebitda": "39341000",
            "netIncome": "27348000"
        },
        {
            "fiscalDateEnding": "2018-12-31",
            "reportedCurrency": "USD",
            "grossProfit": "115871000",
            "totalRevenue": "241981000",
            "costOfRevenue": "209102000",
            "costofGoodsAndServicesSold": "126110000",
            "operatingIncome": "38927000",
            "sellingGeneralAndAdministrative": "55134000",
            "researchAndDevelopment": "17371000",
            "operatingExpenses": "100935000",
            "investmentIncomeNet": "None",
            "netInterestIncome": "None",
            "interestIncome": "None",
            "interestExpense": "770000",
            "nonInterestIncome": "241981000",
            "otherNonOperatingIncome": "1180000",
            "depreciation": "None",
            "depreciationAndAmortization": "27858000",
            "incomeBeforeTax": "40107000",
            "incomeTaxExpense": "8555000",
            "interestAndDebtExpense": "None",
            "netIncomeFromContinuingOperations": "40107000",
            "comprehensiveIncomeNetOfTax": "40107000",
            "ebit": "38927000",
            "ebitda": "66785000",
            "netIncome": "31552000"
        },
        {
            "fiscalDateEnding": "2018-09-30",
            "reportedCurrency": "USD",
            "grossProfit": "111626000",
            "totalRevenue": "236067000",
            "costOfRevenue": "181432000",
            "costofGoodsAndServicesSold": "124441000",
            "operatingIncome": "37585000",
            "sellingGeneralAndAdministrative": "52605000",
            "researchAndDevelopment": "17050000",
            "operatingExpenses": "74041000",
            "investmentIncomeNet": "None",
            "netInterestIncome": "None",
            "interestIncome": "None",
            "interestExpense": "770000",
            "nonInterestIncome": "236067000",
            "otherNonOperatingIncome": "1041000",
            "depreciation": "None",
            "depreciationAndAmortization": "4386000",
            "incomeBeforeTax": "38626000",
            "incomeTaxExpense": "-298000",
            "interestAndDebtExpense": "None",
            "netIncomeFromContinuingOperations": "38924000",
            "comprehensiveIncomeNetOfTax": "38924000",
            "ebit": "37585000",
            "ebitda": "41971000",
            "netIncome": "38924000"
        },
        {
            "fiscalDateEnding": "2018-06-30",
            "reportedCurrency": "USD",
            "grossProfit": "109276000",
            "totalRevenue": "236060000",
            "costOfRevenue": "183087000",
            "costofGoodsAndServicesSold": "126784000",
            "operatingIncome": "37142000",
            "sellingGeneralAndAdministrative": "52262000",
            "researchAndDevelopment": "15831000",
            "operatingExpenses": "72134000",
            "investmentIncomeNet": "None",
            "netInterestIncome": "None",
            "interestIncome": "None",
            "interestExpense": "770000",
            "nonInterestIncome": "236060000",
            "otherNonOperatingIncome": "558000",
            "depreciation": "None",
            "depreciationAndAmortization": "4041000",
            "incomeBeforeTax": "37700000",
            "incomeTaxExpense": "-1461000",
            "interestAndDebtExpense": "None",
            "netIncomeFromContinuingOperations": "39161000",
            "comprehensiveIncomeNetOfTax": "39161000",
            "ebit": "37142000",
            "ebitda": "41183000",
            "netIncome": "39161000"
        }
    ]
}