{
    "symbol": "WTW",
    "annualReports": [
        {
            "fiscalDateEnding": "2022-12-31",
            "reportedCurrency": "USD",
            "grossProfit": "3168000000",
            "totalRevenue": "8866000000",
            "costOfRevenue": "5698000000",
            "costofGoodsAndServicesSold": "312000000",
            "operatingIncome": "1178000000",
            "sellingGeneralAndAdministrative": "99000000",
            "researchAndDevelopment": "None",
            "operatingExpenses": "2318000000",
            "investmentIncomeNet": "None",
            "netInterestIncome": "-208000000",
            "interestIncome": "None",
            "interestExpense": "208000000",
            "nonInterestIncome": "8804000000",
            "otherNonOperatingIncome": "288000000",
            "depreciation": "255000000",
            "depreciationAndAmortization": "314000000",
            "incomeBeforeTax": "1203000000",
            "incomeTaxExpense": "194000000",
            "interestAndDebtExpense": "208000000",
            "netIncomeFromContinuingOperations": "1049000000",
            "comprehensiveIncomeNetOfTax": "574000000",
            "ebit": "1411000000",
            "ebitda": "1725000000",
            "netIncome": "1009000000"
        },
        {
            "fiscalDateEnding": "2021-12-31",
            "reportedCurrency": "USD",
            "grossProfit": "3551000000",
            "totalRevenue": "8998000000",
            "costOfRevenue": "5447000000",
            "costofGoodsAndServicesSold": "369000000",
            "operatingIncome": "2202000000",
            "sellingGeneralAndAdministrative": "101000000",
            "researchAndDevelopment": "None",
            "operatingExpenses": "-490000000",
            "investmentIncomeNet": "None",
            "netInterestIncome": "-211000000",
            "interestIncome": "None",
            "interestExpense": "211000000",
            "nonInterestIncome": "11515000000",
            "otherNonOperatingIncome": "701000000",
            "depreciation": "281000000",
            "depreciationAndAmortization": "370000000",
            "incomeBeforeTax": "4758000000",
            "incomeTaxExpense": "536000000",
            "interestAndDebtExpense": "211000000",
            "netIncomeFromContinuingOperations": "2142000000",
            "comprehensiveIncomeNetOfTax": "4395000000",
            "ebit": "4969000000",
            "ebitda": "5339000000",
            "netIncome": "4222000000"
        },
        {
            "fiscalDateEnding": "2020-12-31",
            "reportedCurrency": "USD",
            "grossProfit": "3571000000",
            "totalRevenue": "8615000000",
            "costOfRevenue": "5781000000",
            "costofGoodsAndServicesSold": "462000000",
            "operatingIncome": "859000000",
            "sellingGeneralAndAdministrative": "90000000",
            "researchAndDevelopment": "None",
            "operatingExpenses": "2284000000",
            "investmentIncomeNet": "None",
            "netInterestIncome": "-244000000",
            "interestIncome": "None",
            "interestExpense": "244000000",
            "nonInterestIncome": "9373000000",
            "otherNonOperatingIncome": "396000000",
            "depreciation": "308000000",
            "depreciationAndAmortization": "464000000",
            "incomeBeforeTax": "1245000000",
            "incomeTaxExpense": "249000000",
            "interestAndDebtExpense": "244000000",
            "netIncomeFromContinuingOperations": "738000000",
            "comprehensiveIncomeNetOfTax": "864000000",
            "ebit": "1489000000",
            "ebitda": "1953000000",
            "netIncome": "996000000"
        },
        {
            "fiscalDateEnding": "2019-12-31",
            "reportedCurrency": "USD",
            "grossProfit": "3225000000",
            "totalRevenue": "8370000000",
            "costOfRevenue": "5814000000",
            "costofGoodsAndServicesSold": "7710000000",
            "operatingIncome": "1054000000",
            "sellingGeneralAndAdministrative": "74000000",
            "researchAndDevelopment": "None",
            "operatingExpenses": "2295000000",
            "investmentIncomeNet": "21000000",
            "netInterestIncome": "-234000000",
            "interestIncome": "None",
            "interestExpense": "234000000",
            "nonInterestIncome": "8913000000",
            "otherNonOperatingIncome": "226000000",
            "depreciation": "240000000",
            "depreciationAndAmortization": "491000000",
            "incomeBeforeTax": "1241000000",
            "incomeTaxExpense": "197000000",
            "interestAndDebtExpense": "234000000",
            "netIncomeFromContinuingOperations": "820000000",
            "comprehensiveIncomeNetOfTax": "814000000",
            "ebit": "1475000000",
            "ebitda": "1966000000",
            "netIncome": "1044000000"
        },
        {
            "fiscalDateEnding": "2018-12-31",
            "reportedCurrency": "USD",
            "grossProfit": "2324000000",
            "totalRevenue": "8513000000",
            "costOfRevenue": "6189000000",
            "costofGoodsAndServicesSold": "7704000000",
            "operatingIncome": "809000000",
            "sellingGeneralAndAdministrative": "330000000",
            "researchAndDevelopment": "None",
            "operatingExpenses": "7704000000",
            "investmentIncomeNet": "3000000",
            "netInterestIncome": "-208000000",
            "interestIncome": "None",
            "interestExpense": "208000000",
            "nonInterestIncome": "8378000000",
            "otherNonOperatingIncome": "250000000",
            "depreciation": "213000000",
            "depreciationAndAmortization": "534000000",
            "incomeBeforeTax": "831000000",
            "incomeTaxExpense": "136000000",
            "interestAndDebtExpense": "208000000",
            "netIncomeFromContinuingOperations": "715000000",
            "comprehensiveIncomeNetOfTax": "247000000",
            "ebit": "1039000000",
            "ebitda": "1573000000",
            "netIncome": "695000000"
        }
    ],
    "quarterlyReports": [
        {
            "fiscalDateEnding": "2023-03-31",
            "reportedCurrency": "USD",
            "grossProfit": "814000000",
            "totalRevenue": "2244000000",
            "costOfRevenue": "1430000000",
            "costofGoodsAndServicesSold": "71000000",
            "operatingIncome": "285000000",
            "sellingGeneralAndAdministrative": "1766000000",
            "researchAndDevelopment": "None",
            "operatingExpenses": "534000000",
            "investmentIncomeNet": "None",
            "netInterestIncome": "-54000000",
            "interestIncome": "32000000",
            "interestExpense": "54000000",
            "nonInterestIncome": "2192000000",
            "otherNonOperatingIncome": "25000000",
            "depreciation": "60000000",
            "depreciationAndAmortization": "71000000",
            "incomeBeforeTax": "253000000",
            "incomeTaxExpense": "50000000",
            "interestAndDebtExpense": "54000000",
            "netIncomeFromContinuingOperations": "203000000",
            "comprehensiveIncomeNetOfTax": "256000000",
            "ebit": "307000000",
            "ebitda": "378000000",
            "netIncome": "203000000"
        },
        {
            "fiscalDateEnding": "2022-12-31",
            "reportedCurrency": "USD",
            "grossProfit": "1253000000",
            "totalRevenue": "2722000000",
            "costOfRevenue": "1469000000",
            "costofGoodsAndServicesSold": "73000000",
            "operatingIncome": "708000000",
            "sellingGeneralAndAdministrative": "1776000000",
            "researchAndDevelopment": "None",
            "operatingExpenses": "696000000",
            "investmentIncomeNet": "None",
            "netInterestIncome": "-54000000",
            "interestIncome": "None",
            "interestExpense": "54000000",
            "nonInterestIncome": "2650000000",
            "otherNonOperatingIncome": "83000000",
            "depreciation": "64000000",
            "depreciationAndAmortization": "74000000",
            "incomeBeforeTax": "719000000",
            "incomeTaxExpense": "131000000",
            "interestAndDebtExpense": "54000000",
            "netIncomeFromContinuingOperations": "601000000",
            "comprehensiveIncomeNetOfTax": "687000000",
            "ebit": "773000000",
            "ebitda": "847000000",
            "netIncome": "588000000"
        },
        {
            "fiscalDateEnding": "2022-09-30",
            "reportedCurrency": "USD",
            "grossProfit": "712000000",
            "totalRevenue": "1953000000",
            "costOfRevenue": "1241000000",
            "costofGoodsAndServicesSold": "71000000",
            "operatingIncome": "154000000",
            "sellingGeneralAndAdministrative": "1609000000",
            "researchAndDevelopment": "None",
            "operatingExpenses": "464000000",
            "investmentIncomeNet": "None",
            "netInterestIncome": "-54000000",
            "interestIncome": "None",
            "interestExpense": "54000000",
            "nonInterestIncome": "1927000000",
            "otherNonOperatingIncome": "85000000",
            "depreciation": "60000000",
            "depreciationAndAmortization": "71000000",
            "incomeBeforeTax": "191000000",
            "incomeTaxExpense": "1000000",
            "interestAndDebtExpense": "54000000",
            "netIncomeFromContinuingOperations": "182000000",
            "comprehensiveIncomeNetOfTax": "-44000000",
            "ebit": "245000000",
            "ebitda": "316000000",
            "netIncome": "190000000"
        },
        {
            "fiscalDateEnding": "2022-06-30",
            "reportedCurrency": "USD",
            "grossProfit": "701000000",
            "totalRevenue": "2031000000",
            "costOfRevenue": "1330000000",
            "costofGoodsAndServicesSold": "83000000",
            "operatingIncome": "137000000",
            "sellingGeneralAndAdministrative": "1652000000",
            "researchAndDevelopment": "None",
            "operatingExpenses": "533000000",
            "investmentIncomeNet": "None",
            "netInterestIncome": "-51000000",
            "interestIncome": "None",
            "interestExpense": "51000000",
            "nonInterestIncome": "1973000000",
            "otherNonOperatingIncome": "93000000",
            "depreciation": "65000000",
            "depreciationAndAmortization": "84000000",
            "incomeBeforeTax": "128000000",
            "incomeTaxExpense": "19000000",
            "interestAndDebtExpense": "51000000",
            "netIncomeFromContinuingOperations": "155000000",
            "comprehensiveIncomeNetOfTax": "-135000000",
            "ebit": "179000000",
            "ebitda": "263000000",
            "netIncome": "109000000"
        },
        {
            "fiscalDateEnding": "2022-03-31",
            "reportedCurrency": "USD",
            "grossProfit": "741000000",
            "totalRevenue": "2160000000",
            "costOfRevenue": "1419000000",
            "costofGoodsAndServicesSold": "85000000",
            "operatingIncome": "179000000",
            "sellingGeneralAndAdministrative": "1804000000",
            "researchAndDevelopment": "None",
            "operatingExpenses": "719000000",
            "investmentIncomeNet": "None",
            "netInterestIncome": "-49000000",
            "interestIncome": "4000000",
            "interestExpense": "49000000",
            "nonInterestIncome": "2099000000",
            "otherNonOperatingIncome": "27000000",
            "depreciation": "66000000",
            "depreciationAndAmortization": "85000000",
            "incomeBeforeTax": "165000000",
            "incomeTaxExpense": "43000000",
            "interestAndDebtExpense": "49000000",
            "netIncomeFromContinuingOperations": "111000000",
            "comprehensiveIncomeNetOfTax": "66000000",
            "ebit": "214000000",
            "ebitda": "299000000",
            "netIncome": "122000000"
        },
        {
            "fiscalDateEnding": "2021-12-31",
            "reportedCurrency": "USD",
            "grossProfit": "2706000000",
            "totalRevenue": "2706000000",
            "costOfRevenue": "1397000000",
            "costofGoodsAndServicesSold": "83000000",
            "operatingIncome": "690000000",
            "sellingGeneralAndAdministrative": "1541000000",
            "researchAndDevelopment": "None",
            "operatingExpenses": "-1578000000",
            "investmentIncomeNet": "None",
            "netInterestIncome": "-50000000",
            "interestIncome": "None",
            "interestExpense": "50000000",
            "nonInterestIncome": "4926000000",
            "otherNonOperatingIncome": "84000000",
            "depreciation": "69000000",
            "depreciationAndAmortization": "84000000",
            "incomeBeforeTax": "2552000000",
            "incomeTaxExpense": "150000000",
            "interestAndDebtExpense": "50000000",
            "netIncomeFromContinuingOperations": "569000000",
            "comprehensiveIncomeNetOfTax": "2575000000",
            "ebit": "2602000000",
            "ebitda": "2686000000",
            "netIncome": "2402000000"
        },
        {
            "fiscalDateEnding": "2021-09-30",
            "reportedCurrency": "USD",
            "grossProfit": "712000000",
            "totalRevenue": "1973000000",
            "costOfRevenue": "1261000000",
            "costofGoodsAndServicesSold": "85000000",
            "operatingIncome": "1131000000",
            "sellingGeneralAndAdministrative": "None",
            "researchAndDevelopment": "None",
            "operatingExpenses": "470000000",
            "investmentIncomeNet": "None",
            "netInterestIncome": "-50000000",
            "interestIncome": "None",
            "interestExpense": "50000000",
            "nonInterestIncome": "1952000000",
            "otherNonOperatingIncome": "105000000",
            "depreciation": "69000000",
            "depreciationAndAmortization": "85000000",
            "incomeBeforeTax": "1170000000",
            "incomeTaxExpense": "267000000",
            "interestAndDebtExpense": "50000000",
            "netIncomeFromContinuingOperations": "915000000",
            "comprehensiveIncomeNetOfTax": "822000000",
            "ebit": "1220000000",
            "ebitda": "1305000000",
            "netIncome": "903000000"
        },
        {
            "fiscalDateEnding": "2021-06-30",
            "reportedCurrency": "USD",
            "grossProfit": "852000000",
            "totalRevenue": "2091000000",
            "costOfRevenue": "1434000000",
            "costofGoodsAndServicesSold": "2026000000",
            "operatingIncome": "170000000",
            "sellingGeneralAndAdministrative": "None",
            "researchAndDevelopment": "None",
            "operatingExpenses": "497000000",
            "investmentIncomeNet": "None",
            "netInterestIncome": "-52000000",
            "interestIncome": "None",
            "interestExpense": "52000000",
            "nonInterestIncome": "2247000000",
            "otherNonOperatingIncome": "74000000",
            "depreciation": "72000000",
            "depreciationAndAmortization": "99000000",
            "incomeBeforeTax": "259000000",
            "incomeTaxExpense": "75000000",
            "interestAndDebtExpense": "52000000",
            "netIncomeFromContinuingOperations": "115000000",
            "comprehensiveIncomeNetOfTax": "217000000",
            "ebit": "311000000",
            "ebitda": "410000000",
            "netIncome": "184000000"
        },
        {
            "fiscalDateEnding": "2021-03-31",
            "reportedCurrency": "USD",
            "grossProfit": "1040000000",
            "totalRevenue": "2228000000",
            "costOfRevenue": "1550000000",
            "costofGoodsAndServicesSold": "2138000000",
            "operatingIncome": "211000000",
            "sellingGeneralAndAdministrative": "None",
            "researchAndDevelopment": "None",
            "operatingExpenses": "169000000",
            "investmentIncomeNet": "None",
            "netInterestIncome": "-59000000",
            "interestIncome": "None",
            "interestExpense": "59000000",
            "nonInterestIncome": "2923000000",
            "otherNonOperatingIncome": "438000000",
            "depreciation": "71000000",
            "depreciationAndAmortization": "103000000",
            "incomeBeforeTax": "777000000",
            "incomeTaxExpense": "44000000",
            "interestAndDebtExpense": "59000000",
            "netIncomeFromContinuingOperations": "543000000",
            "comprehensiveIncomeNetOfTax": "781000000",
            "ebit": "836000000",
            "ebitda": "939000000",
            "netIncome": "733000000"
        },
        {
            "fiscalDateEnding": "2020-12-31",
            "reportedCurrency": "USD",
            "grossProfit": "2669000000",
            "totalRevenue": "2669000000",
            "costOfRevenue": "1570000000",
            "costofGoodsAndServicesSold": "2177000000",
            "operatingIncome": "579000000",
            "sellingGeneralAndAdministrative": "None",
            "researchAndDevelopment": "None",
            "operatingExpenses": "736000000",
            "investmentIncomeNet": "None",
            "netInterestIncome": "-60000000",
            "interestIncome": "None",
            "interestExpense": "60000000",
            "nonInterestIncome": "2746000000",
            "otherNonOperatingIncome": "75000000",
            "depreciation": "70000000",
            "depreciationAndAmortization": "114000000",
            "incomeBeforeTax": "592000000",
            "incomeTaxExpense": "116000000",
            "interestAndDebtExpense": "60000000",
            "netIncomeFromContinuingOperations": "471000000",
            "comprehensiveIncomeNetOfTax": "370000000",
            "ebit": "652000000",
            "ebitda": "766000000",
            "netIncome": "476000000"
        },
        {
            "fiscalDateEnding": "2020-09-30",
            "reportedCurrency": "USD",
            "grossProfit": "645000000",
            "totalRevenue": "1897000000",
            "costOfRevenue": "1364000000",
            "costofGoodsAndServicesSold": "1936000000",
            "operatingIncome": "66000000",
            "sellingGeneralAndAdministrative": "None",
            "researchAndDevelopment": "None",
            "operatingExpenses": "491000000",
            "investmentIncomeNet": "None",
            "netInterestIncome": "-61000000",
            "interestIncome": "None",
            "interestExpense": "61000000",
            "nonInterestIncome": "1997000000",
            "otherNonOperatingIncome": "156000000",
            "depreciation": "73000000",
            "depreciationAndAmortization": "109000000",
            "incomeBeforeTax": "163000000",
            "incomeTaxExpense": "42000000",
            "interestAndDebtExpense": "61000000",
            "netIncomeFromContinuingOperations": "118000000",
            "comprehensiveIncomeNetOfTax": "258000000",
            "ebit": "224000000",
            "ebitda": "333000000",
            "netIncome": "121000000"
        },
        {
            "fiscalDateEnding": "2020-06-30",
            "reportedCurrency": "USD",
            "grossProfit": "631000000",
            "totalRevenue": "1927000000",
            "costOfRevenue": "1482000000",
            "costofGoodsAndServicesSold": "1950000000",
            "operatingIncome": "74000000",
            "sellingGeneralAndAdministrative": "None",
            "researchAndDevelopment": "None",
            "operatingExpenses": "506000000",
            "investmentIncomeNet": "None",
            "netInterestIncome": "-62000000",
            "interestIncome": "None",
            "interestExpense": "62000000",
            "nonInterestIncome": "2101000000",
            "otherNonOperatingIncome": "76000000",
            "depreciation": "67000000",
            "depreciationAndAmortization": "119000000",
            "incomeBeforeTax": "169000000",
            "incomeTaxExpense": "75000000",
            "interestAndDebtExpense": "62000000",
            "netIncomeFromContinuingOperations": "102000000",
            "comprehensiveIncomeNetOfTax": "150000000",
            "ebit": "231000000",
            "ebitda": "350000000",
            "netIncome": "94000000"
        },
        {
            "fiscalDateEnding": "2020-03-31",
            "reportedCurrency": "USD",
            "grossProfit": "950000000",
            "totalRevenue": "2122000000",
            "costOfRevenue": "1516000000",
            "costofGoodsAndServicesSold": "2106000000",
            "operatingIncome": "140000000",
            "sellingGeneralAndAdministrative": "None",
            "researchAndDevelopment": "None",
            "operatingExpenses": "630000000",
            "investmentIncomeNet": "None",
            "netInterestIncome": "-61000000",
            "interestIncome": "None",
            "interestExpense": "61000000",
            "nonInterestIncome": "2446000000",
            "otherNonOperatingIncome": "92000000",
            "depreciation": "98000000",
            "depreciationAndAmortization": "122000000",
            "incomeBeforeTax": "383000000",
            "incomeTaxExpense": "78000000",
            "interestAndDebtExpense": "61000000",
            "netIncomeFromContinuingOperations": "313000000",
            "comprehensiveIncomeNetOfTax": "86000000",
            "ebit": "444000000",
            "ebitda": "566000000",
            "netIncome": "305000000"
        },
        {
            "fiscalDateEnding": "2019-12-31",
            "reportedCurrency": "USD",
            "grossProfit": "2690000000",
            "totalRevenue": "2690000000",
            "costOfRevenue": "1428000000",
            "costofGoodsAndServicesSold": "2003000000",
            "operatingIncome": "687000000",
            "sellingGeneralAndAdministrative": "None",
            "researchAndDevelopment": "None",
            "operatingExpenses": "666000000",
            "investmentIncomeNet": "None",
            "netInterestIncome": "-62000000",
            "interestIncome": "None",
            "interestExpense": "62000000",
            "nonInterestIncome": "2647000000",
            "otherNonOperatingIncome": "49000000",
            "depreciation": "69000000",
            "depreciationAndAmortization": "121000000",
            "incomeBeforeTax": "616000000",
            "incomeTaxExpense": "72000000",
            "interestAndDebtExpense": "62000000",
            "netIncomeFromContinuingOperations": "298000000",
            "comprehensiveIncomeNetOfTax": "430000000",
            "ebit": "678000000",
            "ebitda": "799000000",
            "netIncome": "544000000"
        },
        {
            "fiscalDateEnding": "2019-09-30",
            "reportedCurrency": "USD",
            "grossProfit": "587000000",
            "totalRevenue": "1989000000",
            "costOfRevenue": "1402000000",
            "costofGoodsAndServicesSold": "1882000000",
            "operatingIncome": "107000000",
            "sellingGeneralAndAdministrative": "None",
            "researchAndDevelopment": "None",
            "operatingExpenses": "536000000",
            "investmentIncomeNet": "None",
            "netInterestIncome": "-62000000",
            "interestIncome": "None",
            "interestExpense": "62000000",
            "nonInterestIncome": "1966000000",
            "otherNonOperatingIncome": "55000000",
            "depreciation": "58000000",
            "depreciationAndAmortization": "119000000",
            "incomeBeforeTax": "95000000",
            "incomeTaxExpense": "20000000",
            "interestAndDebtExpense": "62000000",
            "netIncomeFromContinuingOperations": "80000000",
            "comprehensiveIncomeNetOfTax": "-45000000",
            "ebit": "157000000",
            "ebitda": "276000000",
            "netIncome": "75000000"
        },
        {
            "fiscalDateEnding": "2019-06-30",
            "reportedCurrency": "USD",
            "grossProfit": "647000000",
            "totalRevenue": "2048000000",
            "costOfRevenue": "1401000000",
            "costofGoodsAndServicesSold": "1872000000",
            "operatingIncome": "176000000",
            "sellingGeneralAndAdministrative": "None",
            "researchAndDevelopment": "None",
            "operatingExpenses": "1872000000",
            "investmentIncomeNet": "None",
            "netInterestIncome": "-56000000",
            "interestIncome": "None",
            "interestExpense": "56000000",
            "nonInterestIncome": "2030000000",
            "otherNonOperatingIncome": "67000000",
            "depreciation": "59000000",
            "depreciationAndAmortization": "123000000",
            "incomeBeforeTax": "176000000",
            "incomeTaxExpense": "38000000",
            "interestAndDebtExpense": "56000000",
            "netIncomeFromContinuingOperations": "149000000",
            "comprehensiveIncomeNetOfTax": "119000000",
            "ebit": "232000000",
            "ebitda": "355000000",
            "netIncome": "138000000"
        },
        {
            "fiscalDateEnding": "2019-03-31",
            "reportedCurrency": "USD",
            "grossProfit": "795000000",
            "totalRevenue": "2312000000",
            "costOfRevenue": "1517000000",
            "costofGoodsAndServicesSold": "1826000000",
            "operatingIncome": "359000000",
            "sellingGeneralAndAdministrative": "None",
            "researchAndDevelopment": "None",
            "operatingExpenses": "1953000000",
            "investmentIncomeNet": "None",
            "netInterestIncome": "-54000000",
            "interestIncome": "None",
            "interestExpense": "54000000",
            "nonInterestIncome": "2278000000",
            "otherNonOperatingIncome": "55000000",
            "depreciation": "54000000",
            "depreciationAndAmortization": "127000000",
            "incomeBeforeTax": "354000000",
            "incomeTaxExpense": "67000000",
            "interestAndDebtExpense": "54000000",
            "netIncomeFromContinuingOperations": "293000000",
            "comprehensiveIncomeNetOfTax": "310000000",
            "ebit": "408000000",
            "ebitda": "535000000",
            "netIncome": "287000000"
        },
        {
            "fiscalDateEnding": "2018-12-31",
            "reportedCurrency": "USD",
            "grossProfit": "2372000000",
            "totalRevenue": "2372000000",
            "costOfRevenue": "1743000000",
            "costofGoodsAndServicesSold": "1902000000",
            "operatingIncome": "470000000",
            "sellingGeneralAndAdministrative": "None",
            "researchAndDevelopment": "None",
            "operatingExpenses": "1902000000",
            "investmentIncomeNet": "None",
            "netInterestIncome": "-54000000",
            "interestIncome": "None",
            "interestExpense": "54000000",
            "nonInterestIncome": "2344000000",
            "otherNonOperatingIncome": "61000000",
            "depreciation": "55000000",
            "depreciationAndAmortization": "126000000",
            "incomeBeforeTax": "472000000",
            "incomeTaxExpense": "94000000",
            "interestAndDebtExpense": "54000000",
            "netIncomeFromContinuingOperations": "470000000",
            "comprehensiveIncomeNetOfTax": "44000000",
            "ebit": "526000000",
            "ebitda": "652000000",
            "netIncome": "378000000"
        },
        {
            "fiscalDateEnding": "2018-09-30",
            "reportedCurrency": "USD",
            "grossProfit": "444000000",
            "totalRevenue": "1859000000",
            "costOfRevenue": "1415000000",
            "costofGoodsAndServicesSold": "1842000000",
            "operatingIncome": "17000000",
            "sellingGeneralAndAdministrative": "None",
            "researchAndDevelopment": "None",
            "operatingExpenses": "1842000000",
            "investmentIncomeNet": "None",
            "netInterestIncome": "-51000000",
            "interestIncome": "None",
            "interestExpense": "51000000",
            "nonInterestIncome": "1826000000",
            "otherNonOperatingIncome": "70000000",
            "depreciation": "54000000",
            "depreciationAndAmortization": "127000000",
            "incomeBeforeTax": "34000000",
            "incomeTaxExpense": "-10000000",
            "interestAndDebtExpense": "51000000",
            "netIncomeFromContinuingOperations": "46000000",
            "comprehensiveIncomeNetOfTax": "22000000",
            "ebit": "85000000",
            "ebitda": "212000000",
            "netIncome": "44000000"
        },
        {
            "fiscalDateEnding": "2018-06-30",
            "reportedCurrency": "USD",
            "grossProfit": "520000000",
            "totalRevenue": "1990000000",
            "costOfRevenue": "1470000000",
            "costofGoodsAndServicesSold": "1927000000",
            "operatingIncome": "63000000",
            "sellingGeneralAndAdministrative": "1275000000",
            "researchAndDevelopment": "None",
            "operatingExpenses": "1927000000",
            "investmentIncomeNet": "None",
            "netInterestIncome": "-52000000",
            "interestIncome": "None",
            "interestExpense": "52000000",
            "nonInterestIncome": "1966000000",
            "otherNonOperatingIncome": "63000000",
            "depreciation": "53000000",
            "depreciationAndAmortization": "140000000",
            "incomeBeforeTax": "67000000",
            "incomeTaxExpense": "9000000",
            "interestAndDebtExpense": "52000000",
            "netIncomeFromContinuingOperations": "65000000",
            "comprehensiveIncomeNetOfTax": "-117000000",
            "ebit": "119000000",
            "ebitda": "259000000",
            "netIncome": "58000000"
        }
    ]
}