{
    "symbol": "XRAY",
    "annualReports": [
        {
            "fiscalDateEnding": "2021-12-31",
            "reportedCurrency": "USD",
            "grossProfit": "2347000000",
            "totalRevenue": "20000000",
            "costOfRevenue": "1790000000",
            "costofGoodsAndServicesSold": "1890000000",
            "operatingIncome": "622000000",
            "sellingGeneralAndAdministrative": "1551000000",
            "researchAndDevelopment": "171000000",
            "operatingExpenses": "1947000000",
            "investmentIncomeNet": "None",
            "netInterestIncome": "-55000000",
            "interestIncome": "None",
            "interestExpense": "55000000",
            "nonInterestIncome": "20000000",
            "otherNonOperatingIncome": "-8000000",
            "depreciation": "124000000",
            "depreciationAndAmortization": "222000000",
            "incomeBeforeTax": "549000000",
            "incomeTaxExpense": "138000000",
            "interestAndDebtExpense": "None",
            "netIncomeFromContinuingOperations": "466000000",
            "comprehensiveIncomeNetOfTax": "283000000",
            "ebit": "622000000",
            "ebitda": "844000000",
            "netIncome": "411000000"
        },
        {
            "fiscalDateEnding": "2020-12-31",
            "reportedCurrency": "USD",
            "grossProfit": "1656000000",
            "totalRevenue": "3305000000",
            "costOfRevenue": "3550000000",
            "costofGoodsAndServicesSold": "1685000000",
            "operatingIncome": "-12000000",
            "sellingGeneralAndAdministrative": "1435000000",
            "researchAndDevelopment": "123000000",
            "operatingExpenses": "1982000000",
            "investmentIncomeNet": "1000000",
            "netInterestIncome": "-48000000",
            "interestIncome": "1000000",
            "interestExpense": "48000000",
            "nonInterestIncome": "3353000000",
            "otherNonOperatingIncome": "-1000000",
            "depreciation": "142000000",
            "depreciationAndAmortization": "192000000",
            "incomeBeforeTax": "-50000000",
            "incomeTaxExpense": "23000000",
            "interestAndDebtExpense": "48000000",
            "netIncomeFromContinuingOperations": "-83000000",
            "comprehensiveIncomeNetOfTax": "65000000",
            "ebit": "-2000000",
            "ebitda": "190000000",
            "netIncome": "-73000000"
        },
        {
            "fiscalDateEnding": "2019-12-31",
            "reportedCurrency": "USD",
            "grossProfit": "2164000000",
            "totalRevenue": "4021100000",
            "costOfRevenue": "3858200000",
            "costofGoodsAndServicesSold": "1864000000",
            "operatingIncome": "361000000",
            "sellingGeneralAndAdministrative": "1723000000",
            "researchAndDevelopment": "143000000",
            "operatingExpenses": "2131000000",
            "investmentIncomeNet": "2400000",
            "netInterestIncome": "-29400000",
            "interestIncome": "600000",
            "interestExpense": "30000000",
            "nonInterestIncome": "4050500000",
            "otherNonOperatingIncome": "12000000",
            "depreciation": "133000000",
            "depreciationAndAmortization": "189900000",
            "incomeBeforeTax": "338000000",
            "incomeTaxExpense": "82000000",
            "interestAndDebtExpense": "29400000",
            "netIncomeFromContinuingOperations": "263100000",
            "comprehensiveIncomeNetOfTax": "145000000",
            "ebit": "368000000",
            "ebitda": "557900000",
            "netIncome": "256000000"
        },
        {
            "fiscalDateEnding": "2018-12-31",
            "reportedCurrency": "USD",
            "grossProfit": "2068000000",
            "totalRevenue": "3982700000",
            "costOfRevenue": "4056500000",
            "costofGoodsAndServicesSold": "1918000000",
            "operatingIncome": "-958000000",
            "sellingGeneralAndAdministrative": "1719000000",
            "researchAndDevelopment": "161000000",
            "operatingExpenses": "2303100000",
            "investmentIncomeNet": "2100000",
            "netInterestIncome": "-37300000",
            "interestIncome": "-300000",
            "interestExpense": "37000000",
            "nonInterestIncome": "4020000000",
            "otherNonOperatingIncome": "35000000",
            "depreciation": "133000000",
            "depreciationAndAmortization": "197900000",
            "incomeBeforeTax": "-958000000",
            "incomeTaxExpense": "53000000",
            "interestAndDebtExpense": "37300000",
            "netIncomeFromContinuingOperations": "-1010900000",
            "comprehensiveIncomeNetOfTax": "-1199000000",
            "ebit": "-921000000",
            "ebitda": "-723100000",
            "netIncome": "-1011000000"
        },
        {
            "fiscalDateEnding": "2017-12-31",
            "reportedCurrency": "USD",
            "grossProfit": "2188500000",
            "totalRevenue": "3951800000",
            "costOfRevenue": "4093900000",
            "costofGoodsAndServicesSold": "1804900000",
            "operatingIncome": "-1562300000",
            "sellingGeneralAndAdministrative": "1674700000",
            "researchAndDevelopment": "151700000",
            "operatingExpenses": "2442300000",
            "investmentIncomeNet": "2400000",
            "netInterestIncome": "-38300000",
            "interestIncome": "None",
            "interestExpense": "38300000",
            "nonInterestIncome": "-3300000",
            "otherNonOperatingIncome": "-5300000",
            "depreciation": "127300000",
            "depreciationAndAmortization": "189100000",
            "incomeBeforeTax": "-1603200000",
            "incomeTaxExpense": "-53200000",
            "interestAndDebtExpense": "38300000",
            "netIncomeFromContinuingOperations": "-1550300000",
            "comprehensiveIncomeNetOfTax": "-1135300000",
            "ebit": "-1564900000",
            "ebitda": "-1375800000",
            "netIncome": "-1550000000"
        }
    ],
    "quarterlyReports": [
        {
            "fiscalDateEnding": "2022-09-30",
            "reportedCurrency": "USD",
            "grossProfit": "508000000",
            "totalRevenue": "933000000",
            "costOfRevenue": "2027000000",
            "costofGoodsAndServicesSold": "439000000",
            "operatingIncome": "-1218000000",
            "sellingGeneralAndAdministrative": "401000000",
            "researchAndDevelopment": "41000000",
            "operatingExpenses": "1629000000",
            "investmentIncomeNet": "None",
            "netInterestIncome": "-14000000",
            "interestIncome": "None",
            "interestExpense": "14000000",
            "nonInterestIncome": "947000000",
            "otherNonOperatingIncome": "-9000000",
            "depreciation": "31000000",
            "depreciationAndAmortization": "51000000",
            "incomeBeforeTax": "-1241000000",
            "incomeTaxExpense": "-164000000",
            "interestAndDebtExpense": "14000000",
            "netIncomeFromContinuingOperations": "-1077000000",
            "comprehensiveIncomeNetOfTax": "-1202000000",
            "ebit": "-1227000000",
            "ebitda": "-1176000000",
            "netIncome": "-1077000000"
        },
        {
            "fiscalDateEnding": "2022-06-30",
            "reportedCurrency": "USD",
            "grossProfit": "581000000",
            "totalRevenue": "1008000000",
            "costOfRevenue": "859000000",
            "costofGoodsAndServicesSold": "442000000",
            "operatingIncome": "119000000",
            "sellingGeneralAndAdministrative": "410000000",
            "researchAndDevelopment": "45000000",
            "operatingExpenses": "462000000",
            "investmentIncomeNet": "None",
            "netInterestIncome": "-15000000",
            "interestIncome": "None",
            "interestExpense": "15000000",
            "nonInterestIncome": "1023000000",
            "otherNonOperatingIncome": "-13000000",
            "depreciation": "30000000",
            "depreciationAndAmortization": "53000000",
            "incomeBeforeTax": "91000000",
            "incomeTaxExpense": "18000000",
            "interestAndDebtExpense": "15000000",
            "netIncomeFromContinuingOperations": "73000000",
            "comprehensiveIncomeNetOfTax": "-17000000",
            "ebit": "106000000",
            "ebitda": "159000000",
            "netIncome": "73000000"
        },
        {
            "fiscalDateEnding": "2022-03-31",
            "reportedCurrency": "USD",
            "grossProfit": "521000000",
            "totalRevenue": "957000000",
            "costOfRevenue": "882000000",
            "costofGoodsAndServicesSold": "448000000",
            "operatingIncome": "97000000",
            "sellingGeneralAndAdministrative": "376000000",
            "researchAndDevelopment": "45000000",
            "operatingExpenses": "479000000",
            "investmentIncomeNet": "None",
            "netInterestIncome": "-12000000",
            "interestIncome": "None",
            "interestExpense": "12000000",
            "nonInterestIncome": "969000000",
            "otherNonOperatingIncome": "2000000",
            "depreciation": "29000000",
            "depreciationAndAmortization": "55000000",
            "incomeBeforeTax": "87000000",
            "incomeTaxExpense": "18000000",
            "interestAndDebtExpense": "12000000",
            "netIncomeFromContinuingOperations": "69000000",
            "comprehensiveIncomeNetOfTax": "32000000",
            "ebit": "99000000",
            "ebitda": "154000000",
            "netIncome": "69000000"
        },
        {
            "fiscalDateEnding": "2021-12-31",
            "reportedCurrency": "USD",
            "grossProfit": "604000000",
            "totalRevenue": "1103000000",
            "costOfRevenue": "499000000",
            "costofGoodsAndServicesSold": "499000000",
            "operatingIncome": "172000000",
            "sellingGeneralAndAdministrative": "377000000",
            "researchAndDevelopment": "49000000",
            "operatingExpenses": "638000000",
            "investmentIncomeNet": "None",
            "netInterestIncome": "-12000000",
            "interestIncome": "None",
            "interestExpense": "12000000",
            "nonInterestIncome": "1103000000",
            "otherNonOperatingIncome": "-4000000",
            "depreciation": "30000000",
            "depreciationAndAmortization": "55000000",
            "incomeBeforeTax": "156000000",
            "incomeTaxExpense": "37000000",
            "interestAndDebtExpense": "None",
            "netIncomeFromContinuingOperations": "131000000",
            "comprehensiveIncomeNetOfTax": "92000000",
            "ebit": "172000000",
            "ebitda": "227000000",
            "netIncome": "119000000"
        },
        {
            "fiscalDateEnding": "2021-09-30",
            "reportedCurrency": "USD",
            "grossProfit": "569000000",
            "totalRevenue": "1026000000",
            "costOfRevenue": "869000000",
            "costofGoodsAndServicesSold": "471000000",
            "operatingIncome": "132000000",
            "sellingGeneralAndAdministrative": "395000000",
            "researchAndDevelopment": "39000000",
            "operatingExpenses": "398000000",
            "investmentIncomeNet": "None",
            "netInterestIncome": "-14000000",
            "interestIncome": "None",
            "interestExpense": "14000000",
            "nonInterestIncome": "1040000000",
            "otherNonOperatingIncome": "-5000000",
            "depreciation": "30000000",
            "depreciationAndAmortization": "55000000",
            "incomeBeforeTax": "113000000",
            "incomeTaxExpense": "29000000",
            "interestAndDebtExpense": "14000000",
            "netIncomeFromContinuingOperations": "84000000",
            "comprehensiveIncomeNetOfTax": "28000000",
            "ebit": "127000000",
            "ebitda": "182000000",
            "netIncome": "84000000"
        },
        {
            "fiscalDateEnding": "2021-06-30",
            "reportedCurrency": "USD",
            "grossProfit": "595000000",
            "totalRevenue": "1051000000",
            "costOfRevenue": "872000000",
            "costofGoodsAndServicesSold": "467000000",
            "operatingIncome": "154000000",
            "sellingGeneralAndAdministrative": "393000000",
            "researchAndDevelopment": "43000000",
            "operatingExpenses": "443000000",
            "investmentIncomeNet": "None",
            "netInterestIncome": "-16000000",
            "interestIncome": "-1000000",
            "interestExpense": "15000000",
            "nonInterestIncome": "1067000000",
            "otherNonOperatingIncome": "-8000000",
            "depreciation": "32000000",
            "depreciationAndAmortization": "56000000",
            "incomeBeforeTax": "131000000",
            "incomeTaxExpense": "35000000",
            "interestAndDebtExpense": "16000000",
            "netIncomeFromContinuingOperations": "99000000",
            "comprehensiveIncomeNetOfTax": "139000000",
            "ebit": "146000000",
            "ebitda": "202000000",
            "netIncome": "96000000"
        },
        {
            "fiscalDateEnding": "2021-03-31",
            "reportedCurrency": "USD",
            "grossProfit": "579000000",
            "totalRevenue": "1026000000",
            "costOfRevenue": "892000000",
            "costofGoodsAndServicesSold": "447000000",
            "operatingIncome": "150000000",
            "sellingGeneralAndAdministrative": "386000000",
            "researchAndDevelopment": "40000000",
            "operatingExpenses": "468000000",
            "investmentIncomeNet": "None",
            "netInterestIncome": "-14000000",
            "interestIncome": "None",
            "interestExpense": "14000000",
            "nonInterestIncome": "1040000000",
            "otherNonOperatingIncome": "9000000",
            "depreciation": "32000000",
            "depreciationAndAmortization": "56000000",
            "incomeBeforeTax": "145000000",
            "incomeTaxExpense": "33000000",
            "interestAndDebtExpense": "14000000",
            "netIncomeFromContinuingOperations": "117000000",
            "comprehensiveIncomeNetOfTax": "22000000",
            "ebit": "159000000",
            "ebitda": "215000000",
            "netIncome": "112000000"
        },
        {
            "fiscalDateEnding": "2020-12-31",
            "reportedCurrency": "USD",
            "grossProfit": "567000000",
            "totalRevenue": "1079500000",
            "costOfRevenue": "373000000",
            "costofGoodsAndServicesSold": "511500000",
            "operatingIncome": "141000000",
            "sellingGeneralAndAdministrative": "373000000",
            "researchAndDevelopment": "38000000",
            "operatingExpenses": "373000000",
            "investmentIncomeNet": "-800000",
            "netInterestIncome": "-14500000",
            "interestIncome": "2500000",
            "interestExpense": "17000000",
            "nonInterestIncome": "1094000000",
            "otherNonOperatingIncome": "3000000",
            "depreciation": "38000000",
            "depreciationAndAmortization": "49400000",
            "incomeBeforeTax": "129000000",
            "incomeTaxExpense": "24000000",
            "interestAndDebtExpense": "14500000",
            "netIncomeFromContinuingOperations": "105000000",
            "comprehensiveIncomeNetOfTax": "220000000",
            "ebit": "146000000",
            "ebitda": "195400000",
            "netIncome": "105000000"
        },
        {
            "fiscalDateEnding": "2020-09-30",
            "reportedCurrency": "USD",
            "grossProfit": "432000000",
            "totalRevenue": "880300000",
            "costOfRevenue": "815300000",
            "costofGoodsAndServicesSold": "451000000",
            "operatingIncome": "72000000",
            "sellingGeneralAndAdministrative": "313000000",
            "researchAndDevelopment": "29000000",
            "operatingExpenses": "362800000",
            "investmentIncomeNet": "400000",
            "netInterestIncome": "-14500000",
            "interestIncome": "-500000",
            "interestExpense": "14000000",
            "nonInterestIncome": "894800000",
            "otherNonOperatingIncome": "-1000000",
            "depreciation": "39000000",
            "depreciationAndAmortization": "48800000",
            "incomeBeforeTax": "56000000",
            "incomeTaxExpense": "9000000",
            "interestAndDebtExpense": "14500000",
            "netIncomeFromContinuingOperations": "54200000",
            "comprehensiveIncomeNetOfTax": "115000000",
            "ebit": "70000000",
            "ebitda": "118800000",
            "netIncome": "47000000"
        },
        {
            "fiscalDateEnding": "2020-06-30",
            "reportedCurrency": "USD",
            "grossProfit": "182000000",
            "totalRevenue": "478300000",
            "costOfRevenue": "594900000",
            "costofGoodsAndServicesSold": "317000000",
            "operatingIncome": "-99000000",
            "sellingGeneralAndAdministrative": "259000000",
            "researchAndDevelopment": "20000000",
            "operatingExpenses": "280400000",
            "investmentIncomeNet": "1000000",
            "netInterestIncome": "-12300000",
            "interestIncome": "-1300000",
            "interestExpense": "11000000",
            "nonInterestIncome": "490600000",
            "otherNonOperatingIncome": "-4000000",
            "depreciation": "33000000",
            "depreciationAndAmortization": "46600000",
            "incomeBeforeTax": "-117000000",
            "incomeTaxExpense": "-22000000",
            "interestAndDebtExpense": "12300000",
            "netIncomeFromContinuingOperations": "-95900000",
            "comprehensiveIncomeNetOfTax": "-24000000",
            "ebit": "-106000000",
            "ebitda": "-59400000",
            "netIncome": "-95000000"
        },
        {
            "fiscalDateEnding": "2020-03-31",
            "reportedCurrency": "USD",
            "grossProfit": "468000000",
            "totalRevenue": "867400000",
            "costOfRevenue": "1085000000",
            "costofGoodsAndServicesSold": "406000000",
            "operatingIncome": "-125000000",
            "sellingGeneralAndAdministrative": "357000000",
            "researchAndDevelopment": "36000000",
            "operatingExpenses": "678700000",
            "investmentIncomeNet": "400000",
            "netInterestIncome": "-6700000",
            "interestIncome": "300000",
            "interestExpense": "7000000",
            "nonInterestIncome": "874100000",
            "otherNonOperatingIncome": "1000000",
            "depreciation": "32000000",
            "depreciationAndAmortization": "47200000",
            "incomeBeforeTax": "-122000000",
            "incomeTaxExpense": "12000000",
            "interestAndDebtExpense": "6700000",
            "netIncomeFromContinuingOperations": "-139900000",
            "comprehensiveIncomeNetOfTax": "-252000000",
            "ebit": "-115000000",
            "ebitda": "-67800000",
            "netIncome": "-134000000"
        },
        {
            "fiscalDateEnding": "2019-12-31",
            "reportedCurrency": "USD",
            "grossProfit": "610600000",
            "totalRevenue": "1111500000",
            "costOfRevenue": "1021700000",
            "costofGoodsAndServicesSold": "500800000",
            "operatingIncome": "136600000",
            "sellingGeneralAndAdministrative": "460900000",
            "researchAndDevelopment": "131300000",
            "operatingExpenses": "640800000",
            "investmentIncomeNet": "400000",
            "netInterestIncome": "-6400000",
            "interestIncome": "600000",
            "interestExpense": "7000000",
            "nonInterestIncome": "1111500000",
            "otherNonOperatingIncome": "7400000",
            "depreciation": "31400000",
            "depreciationAndAmortization": "46800000",
            "incomeBeforeTax": "137000000",
            "incomeTaxExpense": "34700000",
            "interestAndDebtExpense": "6400000",
            "netIncomeFromContinuingOperations": "136600000",
            "comprehensiveIncomeNetOfTax": "114800000",
            "ebit": "144000000",
            "ebitda": "190800000",
            "netIncome": "102300000"
        },
        {
            "fiscalDateEnding": "2019-09-30",
            "reportedCurrency": "USD",
            "grossProfit": "514000000",
            "totalRevenue": "955500000",
            "costOfRevenue": "852700000",
            "costofGoodsAndServicesSold": "448100000",
            "operatingIncome": "109500000",
            "sellingGeneralAndAdministrative": "399300000",
            "researchAndDevelopment": "131300000",
            "operatingExpenses": "404600000",
            "investmentIncomeNet": "700000",
            "netInterestIncome": "-6600000",
            "interestIncome": "700000",
            "interestExpense": "6600000",
            "nonInterestIncome": "962100000",
            "otherNonOperatingIncome": "2900000",
            "depreciation": "31200000",
            "depreciationAndAmortization": "100000",
            "incomeBeforeTax": "106500000",
            "incomeTaxExpense": "21500000",
            "interestAndDebtExpense": "6600000",
            "netIncomeFromContinuingOperations": "85000000",
            "comprehensiveIncomeNetOfTax": "-21500000",
            "ebit": "113100000",
            "ebitda": "113200000",
            "netIncome": "85000000"
        },
        {
            "fiscalDateEnding": "2019-06-30",
            "reportedCurrency": "USD",
            "grossProfit": "540800000",
            "totalRevenue": "1001400000",
            "costOfRevenue": "942000000",
            "costofGoodsAndServicesSold": "468600000",
            "operatingIncome": "67500000",
            "sellingGeneralAndAdministrative": "430900000",
            "researchAndDevelopment": "131300000",
            "operatingExpenses": "473400000",
            "investmentIncomeNet": "200000",
            "netInterestIncome": "-8000000",
            "interestIncome": "200000",
            "interestExpense": "8000000",
            "nonInterestIncome": "1009400000",
            "otherNonOperatingIncome": "-12100000",
            "depreciation": "35500000",
            "depreciationAndAmortization": "100000",
            "incomeBeforeTax": "47600000",
            "incomeTaxExpense": "11200000",
            "interestAndDebtExpense": "8000000",
            "netIncomeFromContinuingOperations": "36400000",
            "comprehensiveIncomeNetOfTax": "71200000",
            "ebit": "55600000",
            "ebitda": "55700000",
            "netIncome": "36400000"
        },
        {
            "fiscalDateEnding": "2019-03-31",
            "reportedCurrency": "USD",
            "grossProfit": "499700000",
            "totalRevenue": "946600000",
            "costOfRevenue": "947100000",
            "costofGoodsAndServicesSold": "446500000",
            "operatingIncome": "47300000",
            "sellingGeneralAndAdministrative": "431900000",
            "researchAndDevelopment": "131300000",
            "operatingExpenses": "491800000",
            "investmentIncomeNet": "1100000",
            "netInterestIncome": "-8400000",
            "interestIncome": "3800000",
            "interestExpense": "8400000",
            "nonInterestIncome": "955000000",
            "otherNonOperatingIncome": "13800000",
            "depreciation": "34900000",
            "depreciationAndAmortization": "48200000",
            "incomeBeforeTax": "53800000",
            "incomeTaxExpense": "14600000",
            "interestAndDebtExpense": "8400000",
            "netIncomeFromContinuingOperations": "39200000",
            "comprehensiveIncomeNetOfTax": "-19500000",
            "ebit": "62200000",
            "ebitda": "110400000",
            "netIncome": "39200000"
        },
        {
            "fiscalDateEnding": "2018-12-31",
            "reportedCurrency": "USD",
            "grossProfit": "524800000",
            "totalRevenue": "1059700000",
            "costOfRevenue": "1026100000",
            "costofGoodsAndServicesSold": "534400000",
            "operatingIncome": "81800000",
            "sellingGeneralAndAdministrative": "433100000",
            "researchAndDevelopment": "160500000",
            "operatingExpenses": "653600000",
            "investmentIncomeNet": "500000",
            "netInterestIncome": "-9400000",
            "interestIncome": "-300000",
            "interestExpense": "9100000",
            "nonInterestIncome": "1059700000",
            "otherNonOperatingIncome": "4600000",
            "depreciation": "29600000",
            "depreciationAndAmortization": "48200000",
            "incomeBeforeTax": "78200000",
            "incomeTaxExpense": "76400000",
            "interestAndDebtExpense": "9400000",
            "netIncomeFromContinuingOperations": "81800000",
            "comprehensiveIncomeNetOfTax": "-10700000",
            "ebit": "87300000",
            "ebitda": "135500000",
            "netIncome": "1800000"
        },
        {
            "fiscalDateEnding": "2018-09-30",
            "reportedCurrency": "USD",
            "grossProfit": "476100000",
            "totalRevenue": "918700000",
            "costOfRevenue": "882900000",
            "costofGoodsAndServicesSold": "452300000",
            "operatingIncome": "45500000",
            "sellingGeneralAndAdministrative": "418500000",
            "researchAndDevelopment": "160500000",
            "operatingExpenses": "430600000",
            "investmentIncomeNet": "600000",
            "netInterestIncome": "-9700000",
            "interestIncome": "None",
            "interestExpense": "9700000",
            "nonInterestIncome": "928400000",
            "otherNonOperatingIncome": "-4700000",
            "depreciation": "34600000",
            "depreciationAndAmortization": "49600000",
            "incomeBeforeTax": "32200000",
            "incomeTaxExpense": "4200000",
            "interestAndDebtExpense": "9700000",
            "netIncomeFromContinuingOperations": "27500000",
            "comprehensiveIncomeNetOfTax": "2300000",
            "ebit": "41900000",
            "ebitda": "91500000",
            "netIncome": "28000000"
        },
        {
            "fiscalDateEnding": "2018-06-30",
            "reportedCurrency": "USD",
            "grossProfit": "552800000",
            "totalRevenue": "1032500000",
            "costOfRevenue": "1110400000",
            "costofGoodsAndServicesSold": "489300000",
            "operatingIncome": "-1154100000",
            "sellingGeneralAndAdministrative": "432200000",
            "researchAndDevelopment": "160500000",
            "operatingExpenses": "621100000",
            "investmentIncomeNet": "400000",
            "netInterestIncome": "-9600000",
            "interestIncome": "None",
            "interestExpense": "9600000",
            "nonInterestIncome": "1042100000",
            "otherNonOperatingIncome": "1000000",
            "depreciation": "35500000",
            "depreciationAndAmortization": "50200000",
            "incomeBeforeTax": "-1163300000",
            "incomeTaxExpense": "-41300000",
            "interestAndDebtExpense": "9600000",
            "netIncomeFromContinuingOperations": "-1121000000",
            "comprehensiveIncomeNetOfTax": "-1281800000",
            "ebit": "-1153700000",
            "ebitda": "-1103500000",
            "netIncome": "-1122000000"
        },
        {
            "fiscalDateEnding": "2018-03-31",
            "reportedCurrency": "USD",
            "grossProfit": "514100000",
            "totalRevenue": "947000000",
            "costOfRevenue": "937300000",
            "costofGoodsAndServicesSold": "442000000",
            "operatingIncome": "68700000",
            "sellingGeneralAndAdministrative": "435200000",
            "researchAndDevelopment": "160500000",
            "operatingExpenses": "495800000",
            "investmentIncomeNet": "600000",
            "netInterestIncome": "-8600000",
            "interestIncome": "None",
            "interestExpense": "8600000",
            "nonInterestIncome": "-500000",
            "otherNonOperatingIncome": "34100000",
            "depreciation": "33300000",
            "depreciationAndAmortization": "49900000",
            "incomeBeforeTax": "94900000",
            "incomeTaxExpense": "13700000",
            "interestAndDebtExpense": "8600000",
            "netIncomeFromContinuingOperations": "81100000",
            "comprehensiveIncomeNetOfTax": "91200000",
            "ebit": "103500000",
            "ebitda": "153400000",
            "netIncome": "81200000"
        },
        {
            "fiscalDateEnding": "2017-12-31",
            "reportedCurrency": "USD",
            "grossProfit": "593300000",
            "totalRevenue": "1091000000",
            "costOfRevenue": "558000000",
            "costofGoodsAndServicesSold": "497700000",
            "operatingIncome": "-706400000",
            "sellingGeneralAndAdministrative": "421900000",
            "researchAndDevelopment": "151700000",
            "operatingExpenses": "558000000",
            "investmentIncomeNet": "700000",
            "netInterestIncome": "-9600000",
            "interestIncome": "None",
            "interestExpense": "9600000",
            "nonInterestIncome": "1091000000",
            "otherNonOperatingIncome": "2400000",
            "depreciation": "33400000",
            "depreciationAndAmortization": "48600000",
            "incomeBeforeTax": "-713100000",
            "incomeTaxExpense": "-62700000",
            "interestAndDebtExpense": "9600000",
            "netIncomeFromContinuingOperations": "-706400000",
            "comprehensiveIncomeNetOfTax": "-622800000",
            "ebit": "-703500000",
            "ebitda": "-654900000",
            "netIncome": "-650400000"
        }
    ]
}