{
    "symbol": "ZBH",
    "annualReports": [
        {
            "fiscalDateEnding": "2022-12-31",
            "reportedCurrency": "USD",
            "grossProfit": "780000000",
            "totalRevenue": "6780400000",
            "costOfRevenue": "6000400000",
            "costofGoodsAndServicesSold": "2019500000",
            "operatingIncome": "696300000",
            "sellingGeneralAndAdministrative": "2761700000",
            "researchAndDevelopment": "406000000",
            "operatingExpenses": "4452800000",
            "investmentIncomeNet": "None",
            "netInterestIncome": "-164800000",
            "interestIncome": "164800000",
            "interestExpense": "164800000",
            "nonInterestIncome": "6945200000",
            "otherNonOperatingIncome": "-128000000",
            "depreciation": "399600000",
            "depreciationAndAmortization": "926400000",
            "incomeBeforeTax": "343700000",
            "incomeTaxExpense": "112300000",
            "interestAndDebtExpense": "None",
            "netIncomeFromContinuingOperations": "290200000",
            "comprehensiveIncomeNetOfTax": "222600000",
            "ebit": "696300000",
            "ebitda": "1622700000",
            "netIncome": "231400000"
        },
        {
            "fiscalDateEnding": "2021-12-31",
            "reportedCurrency": "USD",
            "grossProfit": "678300000",
            "totalRevenue": "7459000000",
            "costOfRevenue": "6780700000",
            "costofGoodsAndServicesSold": "1960400000",
            "operatingIncome": "860300000",
            "sellingGeneralAndAdministrative": "2843400000",
            "researchAndDevelopment": "497200000",
            "operatingExpenses": "5141200000",
            "investmentIncomeNet": "None",
            "netInterestIncome": "-208400000",
            "interestIncome": "208400000",
            "interestExpense": "208400000",
            "nonInterestIncome": "7667400000",
            "otherNonOperatingIncome": "12200000",
            "depreciation": "408100000",
            "depreciationAndAmortization": "937700000",
            "incomeBeforeTax": "455100000",
            "incomeTaxExpense": "53500000",
            "interestAndDebtExpense": "165100000",
            "netIncomeFromContinuingOperations": "445000000",
            "comprehensiveIncomeNetOfTax": "467800000",
            "ebit": "860300000",
            "ebitda": "1798000000",
            "netIncome": "401600000"
        },
        {
            "fiscalDateEnding": "2020-12-31",
            "reportedCurrency": "USD",
            "grossProfit": "4298600000",
            "totalRevenue": "6789700000",
            "costOfRevenue": "6983800000",
            "costofGoodsAndServicesSold": "1824300000",
            "operatingIncome": "83100000",
            "sellingGeneralAndAdministrative": "2712700000",
            "researchAndDevelopment": "372000000",
            "operatingExpenses": "5227500000",
            "investmentIncomeNet": "None",
            "netInterestIncome": "-212100000",
            "interestIncome": "212000000",
            "interestExpense": "212000000",
            "nonInterestIncome": "7001700000",
            "otherNonOperatingIncome": "23800000",
            "depreciation": "386300000",
            "depreciationAndAmortization": "898400000",
            "incomeBeforeTax": "-234900000",
            "incomeTaxExpense": "-96000000",
            "interestAndDebtExpense": "None",
            "netIncomeFromContinuingOperations": "-10700000",
            "comprehensiveIncomeNetOfTax": "-194800000",
            "ebit": "83100000",
            "ebitda": "981500000",
            "netIncome": "-138900000"
        },
        {
            "fiscalDateEnding": "2019-12-31",
            "reportedCurrency": "USD",
            "grossProfit": "5145300000",
            "totalRevenue": "7751900000",
            "costOfRevenue": "6250800000",
            "costofGoodsAndServicesSold": "2252600000",
            "operatingIncome": "1137500000",
            "sellingGeneralAndAdministrative": "3343800000",
            "researchAndDevelopment": "449300000",
            "operatingExpenses": "4447500000",
            "investmentIncomeNet": "None",
            "netInterestIncome": "-226900000",
            "interestIncome": "237900000",
            "interestExpense": "226900000",
            "nonInterestIncome": "7978800000",
            "otherNonOperatingIncome": "-4800000",
            "depreciation": "421800000",
            "depreciationAndAmortization": "1006100000",
            "incomeBeforeTax": "905900000",
            "incomeTaxExpense": "-225700000",
            "interestAndDebtExpense": "None",
            "netIncomeFromContinuingOperations": "1131500000",
            "comprehensiveIncomeNetOfTax": "1077100000",
            "ebit": "1137500000",
            "ebitda": "2143600000",
            "netIncome": "1131600000"
        },
        {
            "fiscalDateEnding": "2018-12-31",
            "reportedCurrency": "USD",
            "grossProfit": "5065100000",
            "totalRevenue": "7602400000",
            "costOfRevenue": "7226800000",
            "costofGoodsAndServicesSold": "2271900000",
            "operatingIncome": "33800000",
            "sellingGeneralAndAdministrative": "3379300000",
            "researchAndDevelopment": "391700000",
            "operatingExpenses": "5346600000",
            "investmentIncomeNet": "None",
            "netInterestIncome": "-289300000",
            "interestIncome": "3300000",
            "interestExpense": "289300000",
            "nonInterestIncome": "7891700000",
            "otherNonOperatingIncome": "-15600000",
            "depreciation": "442600000",
            "depreciationAndAmortization": "1040500000",
            "incomeBeforeTax": "-271000000",
            "incomeTaxExpense": "108200000",
            "interestAndDebtExpense": "None",
            "netIncomeFromContinuingOperations": "-379300000",
            "comprehensiveIncomeNetOfTax": "-440500000",
            "ebit": "33800000",
            "ebitda": "1074300000",
            "netIncome": "-379200000"
        }
    ],
    "quarterlyReports": [
        {
            "fiscalDateEnding": "2023-03-31",
            "reportedCurrency": "USD",
            "grossProfit": "433100000",
            "totalRevenue": "1783200000",
            "costOfRevenue": "1350100000",
            "costofGoodsAndServicesSold": "500800000",
            "operatingIncome": "327300000",
            "sellingGeneralAndAdministrative": "715900000",
            "researchAndDevelopment": "110400000",
            "operatingExpenses": "963000000",
            "investmentIncomeNet": "None",
            "netInterestIncome": "-48200000",
            "interestIncome": "None",
            "interestExpense": "48200000",
            "nonInterestIncome": "1831400000",
            "otherNonOperatingIncome": "7700000",
            "depreciation": "None",
            "depreciationAndAmortization": "133400000",
            "incomeBeforeTax": "286600000",
            "incomeTaxExpense": "54100000",
            "interestAndDebtExpense": "None",
            "netIncomeFromContinuingOperations": "232500000",
            "comprehensiveIncomeNetOfTax": "233800000",
            "ebit": "327300000",
            "ebitda": "460700000",
            "netIncome": "232500000"
        },
        {
            "fiscalDateEnding": "2022-12-31",
            "reportedCurrency": "USD",
            "grossProfit": "-294400000",
            "totalRevenue": "1773900000",
            "costOfRevenue": "2068300000",
            "costofGoodsAndServicesSold": "520300000",
            "operatingIncome": "-28300000",
            "sellingGeneralAndAdministrative": "727100000",
            "researchAndDevelopment": "108000000",
            "operatingExpenses": "1687200000",
            "investmentIncomeNet": "None",
            "netInterestIncome": "-42600000",
            "interestIncome": "42600000",
            "interestExpense": "42600000",
            "nonInterestIncome": "1816500000",
            "otherNonOperatingIncome": "-3900000",
            "depreciation": "None",
            "depreciationAndAmortization": "531100000",
            "incomeBeforeTax": "-75100000",
            "incomeTaxExpense": "55400000",
            "interestAndDebtExpense": "None",
            "netIncomeFromContinuingOperations": "-130500000",
            "comprehensiveIncomeNetOfTax": "-64900000",
            "ebit": "-28300000",
            "ebitda": "502800000",
            "netIncome": "-130500000"
        },
        {
            "fiscalDateEnding": "2022-09-30",
            "reportedCurrency": "USD",
            "grossProfit": "358300000",
            "totalRevenue": "1632900000",
            "costOfRevenue": "1274600000",
            "costofGoodsAndServicesSold": "488200000",
            "operatingIncome": "245300000",
            "sellingGeneralAndAdministrative": "654900000",
            "researchAndDevelopment": "101700000",
            "operatingExpenses": "888100000",
            "investmentIncomeNet": "None",
            "netInterestIncome": "-42300000",
            "interestIncome": "42300000",
            "interestExpense": "42300000",
            "nonInterestIncome": "1675200000",
            "otherNonOperatingIncome": "-25400000",
            "depreciation": "None",
            "depreciationAndAmortization": "131500000",
            "incomeBeforeTax": "177400000",
            "incomeTaxExpense": "-16600000",
            "interestAndDebtExpense": "None",
            "netIncomeFromContinuingOperations": "194000000",
            "comprehensiveIncomeNetOfTax": "141600000",
            "ebit": "245300000",
            "ebitda": "376800000",
            "netIncome": "194000000"
        },
        {
            "fiscalDateEnding": "2022-06-30",
            "reportedCurrency": "USD",
            "grossProfit": "401600000",
            "totalRevenue": "1743800000",
            "costOfRevenue": "1342200000",
            "costofGoodsAndServicesSold": "511000000",
            "operatingIncome": "280900000",
            "sellingGeneralAndAdministrative": "695200000",
            "researchAndDevelopment": "99400000",
            "operatingExpenses": "931100000",
            "investmentIncomeNet": "None",
            "netInterestIncome": "-38800000",
            "interestIncome": "38800000",
            "interestExpense": "38800000",
            "nonInterestIncome": "1782600000",
            "otherNonOperatingIncome": "-42600000",
            "depreciation": "None",
            "depreciationAndAmortization": "133000000",
            "incomeBeforeTax": "199200000",
            "incomeTaxExpense": "45500000",
            "interestAndDebtExpense": "None",
            "netIncomeFromContinuingOperations": "153700000",
            "comprehensiveIncomeNetOfTax": "120100000",
            "ebit": "280900000",
            "ebitda": "413900000",
            "netIncome": "153700000"
        },
        {
            "fiscalDateEnding": "2022-03-31",
            "reportedCurrency": "USD",
            "grossProfit": "314500000",
            "totalRevenue": "1629800000",
            "costOfRevenue": "1315300000",
            "costofGoodsAndServicesSold": "500000000",
            "operatingIncome": "198400000",
            "sellingGeneralAndAdministrative": "684500000",
            "researchAndDevelopment": "96900000",
            "operatingExpenses": "945400000",
            "investmentIncomeNet": "None",
            "netInterestIncome": "-41100000",
            "interestIncome": "41100000",
            "interestExpense": "41100000",
            "nonInterestIncome": "1670900000",
            "otherNonOperatingIncome": "-56100000",
            "depreciation": "None",
            "depreciationAndAmortization": "130800000",
            "incomeBeforeTax": "42200000",
            "incomeTaxExpense": "28000000",
            "interestAndDebtExpense": "None",
            "netIncomeFromContinuingOperations": "73000000",
            "comprehensiveIncomeNetOfTax": "25800000",
            "ebit": "198400000",
            "ebitda": "329200000",
            "netIncome": "14200000"
        },
        {
            "fiscalDateEnding": "2021-12-31",
            "reportedCurrency": "USD",
            "grossProfit": "-409900000",
            "totalRevenue": "1821300000",
            "costOfRevenue": "2231200000",
            "costofGoodsAndServicesSold": "536500000",
            "operatingIncome": "133800000",
            "sellingGeneralAndAdministrative": "805200000",
            "researchAndDevelopment": "113400000",
            "operatingExpenses": "1887400000",
            "investmentIncomeNet": "None",
            "netInterestIncome": "-48800000",
            "interestIncome": "48800000",
            "interestExpense": "48800000",
            "nonInterestIncome": "1870100000",
            "otherNonOperatingIncome": "-3800000",
            "depreciation": "None",
            "depreciationAndAmortization": "473900000",
            "incomeBeforeTax": "-113200000",
            "incomeTaxExpense": "-29200000",
            "interestAndDebtExpense": "None",
            "netIncomeFromContinuingOperations": "-54800000",
            "comprehensiveIncomeNetOfTax": "-17500000",
            "ebit": "133800000",
            "ebitda": "607700000",
            "netIncome": "-84000000"
        },
        {
            "fiscalDateEnding": "2021-09-30",
            "reportedCurrency": "USD",
            "grossProfit": "328500000",
            "totalRevenue": "1866100000",
            "costOfRevenue": "1537600000",
            "costofGoodsAndServicesSold": "491400000",
            "operatingIncome": "243000000",
            "sellingGeneralAndAdministrative": "684400000",
            "researchAndDevelopment": "108900000",
            "operatingExpenses": "1065000000",
            "investmentIncomeNet": "None",
            "netInterestIncome": "-52600000",
            "interestIncome": "52600000",
            "interestExpense": "52600000",
            "nonInterestIncome": "1918700000",
            "otherNonOperatingIncome": "300000",
            "depreciation": "None",
            "depreciationAndAmortization": "153700000",
            "incomeBeforeTax": "173900000",
            "incomeTaxExpense": "28300000",
            "interestAndDebtExpense": "None",
            "netIncomeFromContinuingOperations": "162200000",
            "comprehensiveIncomeNetOfTax": "134500000",
            "ebit": "243000000",
            "ebitda": "396700000",
            "netIncome": "145600000"
        },
        {
            "fiscalDateEnding": "2021-06-30",
            "reportedCurrency": "USD",
            "grossProfit": "403200000",
            "totalRevenue": "1973100000",
            "costOfRevenue": "1569900000",
            "costofGoodsAndServicesSold": "496200000",
            "operatingIncome": "224800000",
            "sellingGeneralAndAdministrative": "696800000",
            "researchAndDevelopment": "180500000",
            "operatingExpenses": "1168800000",
            "investmentIncomeNet": "None",
            "netInterestIncome": "-54700000",
            "interestIncome": "54700000",
            "interestExpense": "54700000",
            "nonInterestIncome": "2027800000",
            "otherNonOperatingIncome": "8000000",
            "depreciation": "None",
            "depreciationAndAmortization": "154600000",
            "incomeBeforeTax": "175200000",
            "incomeTaxExpense": "33300000",
            "interestAndDebtExpense": "None",
            "netIncomeFromContinuingOperations": "144200000",
            "comprehensiveIncomeNetOfTax": "131600000",
            "ebit": "224800000",
            "ebitda": "379400000",
            "netIncome": "141900000"
        },
        {
            "fiscalDateEnding": "2021-03-31",
            "reportedCurrency": "USD",
            "grossProfit": "349700000",
            "totalRevenue": "1791700000",
            "costOfRevenue": "1442000000",
            "costofGoodsAndServicesSold": "436300000",
            "operatingIncome": "258700000",
            "sellingGeneralAndAdministrative": "657000000",
            "researchAndDevelopment": "94400000",
            "operatingExpenses": "1020000000",
            "investmentIncomeNet": "None",
            "netInterestIncome": "-52300000",
            "interestIncome": "52300000",
            "interestExpense": "52300000",
            "nonInterestIncome": "1844000000",
            "otherNonOperatingIncome": "7700000",
            "depreciation": "None",
            "depreciationAndAmortization": "155500000",
            "incomeBeforeTax": "219200000",
            "incomeTaxExpense": "21100000",
            "interestAndDebtExpense": "None",
            "netIncomeFromContinuingOperations": "193400000",
            "comprehensiveIncomeNetOfTax": "219200000",
            "ebit": "258700000",
            "ebitda": "414200000",
            "netIncome": "198100000"
        },
        {
            "fiscalDateEnding": "2020-12-31",
            "reportedCurrency": "USD",
            "grossProfit": "1285400000",
            "totalRevenue": "2085300000",
            "costOfRevenue": "2128900000",
            "costofGoodsAndServicesSold": "343300000",
            "operatingIncome": "411600000",
            "sellingGeneralAndAdministrative": "428800000",
            "researchAndDevelopment": "100000000",
            "operatingExpenses": "1581600000",
            "investmentIncomeNet": "None",
            "netInterestIncome": "-53200000",
            "interestIncome": "53100000",
            "interestExpense": "53100000",
            "nonInterestIncome": "2085300000",
            "otherNonOperatingIncome": "6400000",
            "depreciation": "None",
            "depreciationAndAmortization": "453400000",
            "incomeBeforeTax": "236500000",
            "incomeTaxExpense": "-97200000",
            "interestAndDebtExpense": "None",
            "netIncomeFromContinuingOperations": "460500000",
            "comprehensiveIncomeNetOfTax": "322800000",
            "ebit": "411600000",
            "ebitda": "865000000",
            "netIncome": "333700000"
        },
        {
            "fiscalDateEnding": "2020-09-30",
            "reportedCurrency": "USD",
            "grossProfit": "1210200000",
            "totalRevenue": "1872500000",
            "costOfRevenue": "1509100000",
            "costofGoodsAndServicesSold": "569400000",
            "operatingIncome": "299200000",
            "sellingGeneralAndAdministrative": "790000000",
            "researchAndDevelopment": "85900000",
            "operatingExpenses": "1025600000",
            "investmentIncomeNet": "None",
            "netInterestIncome": "-54000000",
            "interestIncome": "54000000",
            "interestExpense": "54000000",
            "nonInterestIncome": "1926500000",
            "otherNonOperatingIncome": "10600000",
            "depreciation": "None",
            "depreciationAndAmortization": "149700000",
            "incomeBeforeTax": "252200000",
            "incomeTaxExpense": "9700000",
            "interestAndDebtExpense": "None",
            "netIncomeFromContinuingOperations": "246100000",
            "comprehensiveIncomeNetOfTax": "221400000",
            "ebit": "299200000",
            "ebitda": "448900000",
            "netIncome": "242500000"
        },
        {
            "fiscalDateEnding": "2020-06-30",
            "reportedCurrency": "USD",
            "grossProfit": "653900000",
            "totalRevenue": "1173700000",
            "costOfRevenue": "1270200000",
            "costofGoodsAndServicesSold": "424500000",
            "operatingIncome": "-171700000",
            "sellingGeneralAndAdministrative": "665000000",
            "researchAndDevelopment": "87700000",
            "operatingExpenses": "933400000",
            "investmentIncomeNet": "None",
            "netInterestIncome": "-54000000",
            "interestIncome": "54000000",
            "interestExpense": "54000000",
            "nonInterestIncome": "1227700000",
            "otherNonOperatingIncome": "3800000",
            "depreciation": "None",
            "depreciationAndAmortization": "147700000",
            "incomeBeforeTax": "-220300000",
            "incomeTaxExpense": "-13700000",
            "interestAndDebtExpense": "None",
            "netIncomeFromContinuingOperations": "-208200000",
            "comprehensiveIncomeNetOfTax": "-217300000",
            "ebit": "-171700000",
            "ebitda": "-24000000",
            "netIncome": "-206600000"
        },
        {
            "fiscalDateEnding": "2020-03-31",
            "reportedCurrency": "USD",
            "grossProfit": "1149100000",
            "totalRevenue": "1709400000",
            "costOfRevenue": "2075600000",
            "costofGoodsAndServicesSold": "487100000",
            "operatingIncome": "-456000000",
            "sellingGeneralAndAdministrative": "828900000",
            "researchAndDevelopment": "98400000",
            "operatingExpenses": "1686900000",
            "investmentIncomeNet": "None",
            "netInterestIncome": "-50900000",
            "interestIncome": "50900000",
            "interestExpense": "50900000",
            "nonInterestIncome": "1760300000",
            "otherNonOperatingIncome": "3000000",
            "depreciation": "None",
            "depreciationAndAmortization": "147600000",
            "incomeBeforeTax": "-503300000",
            "incomeTaxExpense": "5200000",
            "interestAndDebtExpense": "None",
            "netIncomeFromContinuingOperations": "-509100000",
            "comprehensiveIncomeNetOfTax": "-521700000",
            "ebit": "-456000000",
            "ebitda": "-308400000",
            "netIncome": "-508500000"
        },
        {
            "fiscalDateEnding": "2019-12-31",
            "reportedCurrency": "USD",
            "grossProfit": "1396100000",
            "totalRevenue": "2125700000",
            "costOfRevenue": "1606600000",
            "costofGoodsAndServicesSold": "582200000",
            "operatingIncome": "336800000",
            "sellingGeneralAndAdministrative": "882200000",
            "researchAndDevelopment": "121100000",
            "operatingExpenses": "1145500000",
            "investmentIncomeNet": "None",
            "netInterestIncome": "-52400000",
            "interestIncome": "66200000",
            "interestExpense": "52400000",
            "nonInterestIncome": "2125700000",
            "otherNonOperatingIncome": "4800000",
            "depreciation": "None",
            "depreciationAndAmortization": "569200000",
            "incomeBeforeTax": "288500000",
            "incomeTaxExpense": "-32200000",
            "interestAndDebtExpense": "None",
            "netIncomeFromContinuingOperations": "1396100000",
            "comprehensiveIncomeNetOfTax": "302000000",
            "ebit": "336800000",
            "ebitda": "906000000",
            "netIncome": "320700000"
        },
        {
            "fiscalDateEnding": "2019-09-30",
            "reportedCurrency": "USD",
            "grossProfit": "1210100000",
            "totalRevenue": "1831400000",
            "costOfRevenue": "1512400000",
            "costofGoodsAndServicesSold": "535700000",
            "operatingIncome": "245800000",
            "sellingGeneralAndAdministrative": "826400000",
            "researchAndDevelopment": "114400000",
            "operatingExpenses": "1091100000",
            "investmentIncomeNet": "None",
            "netInterestIncome": "-56800000",
            "interestIncome": "56800000",
            "interestExpense": "56800000",
            "nonInterestIncome": "1888200000",
            "otherNonOperatingIncome": "-4400000",
            "depreciation": "None",
            "depreciationAndAmortization": "146600000",
            "incomeBeforeTax": "183700000",
            "incomeTaxExpense": "-247400000",
            "interestAndDebtExpense": "None",
            "netIncomeFromContinuingOperations": "432000000",
            "comprehensiveIncomeNetOfTax": "379700000",
            "ebit": "245800000",
            "ebitda": "392400000",
            "netIncome": "431100000"
        },
        {
            "fiscalDateEnding": "2019-06-30",
            "reportedCurrency": "USD",
            "grossProfit": "1260400000",
            "totalRevenue": "1930200000",
            "costOfRevenue": "1638600000",
            "costofGoodsAndServicesSold": "581300000",
            "operatingIncome": "204700000",
            "sellingGeneralAndAdministrative": "838800000",
            "researchAndDevelopment": "112100000",
            "operatingExpenses": "1169400000",
            "investmentIncomeNet": "None",
            "netInterestIncome": "-59700000",
            "interestIncome": "59700000",
            "interestExpense": "59700000",
            "nonInterestIncome": "1989900000",
            "otherNonOperatingIncome": "-4700000",
            "depreciation": "None",
            "depreciationAndAmortization": "146900000",
            "incomeBeforeTax": "142100000",
            "incomeTaxExpense": "8400000",
            "interestAndDebtExpense": "None",
            "netIncomeFromContinuingOperations": "131900000",
            "comprehensiveIncomeNetOfTax": "145400000",
            "ebit": "204700000",
            "ebitda": "351600000",
            "netIncome": "133700000"
        },
        {
            "fiscalDateEnding": "2019-03-31",
            "reportedCurrency": "USD",
            "grossProfit": "1278700000",
            "totalRevenue": "1918100000",
            "costOfRevenue": "1493200000",
            "costofGoodsAndServicesSold": "553400000",
            "operatingIncome": "350200000",
            "sellingGeneralAndAdministrative": "796400000",
            "researchAndDevelopment": "101700000",
            "operatingExpenses": "1041500000",
            "investmentIncomeNet": "None",
            "netInterestIncome": "-58000000",
            "interestIncome": "55200000",
            "interestExpense": "58000000",
            "nonInterestIncome": "1976100000",
            "otherNonOperatingIncome": "-500000",
            "depreciation": "None",
            "depreciationAndAmortization": "143400000",
            "incomeBeforeTax": "291600000",
            "incomeTaxExpense": "45500000",
            "interestAndDebtExpense": "None",
            "netIncomeFromContinuingOperations": "246200000",
            "comprehensiveIncomeNetOfTax": "250000000",
            "ebit": "350200000",
            "ebitda": "493600000",
            "netIncome": "246100000"
        },
        {
            "fiscalDateEnding": "2018-12-31",
            "reportedCurrency": "USD",
            "grossProfit": "1339600000",
            "totalRevenue": "2071000000",
            "costOfRevenue": "975900000",
            "costofGoodsAndServicesSold": "583400000",
            "operatingIncome": "-790500000",
            "sellingGeneralAndAdministrative": "998600000",
            "researchAndDevelopment": "101200000",
            "operatingExpenses": "975900000",
            "investmentIncomeNet": "None",
            "netInterestIncome": "-68500000",
            "interestIncome": "None",
            "interestExpense": "66200000",
            "nonInterestIncome": "2071000000",
            "otherNonOperatingIncome": "-6900000",
            "depreciation": "None",
            "depreciationAndAmortization": "592600000",
            "incomeBeforeTax": "-864500000",
            "incomeTaxExpense": "36600000",
            "interestAndDebtExpense": "None",
            "netIncomeFromContinuingOperations": "363700000",
            "comprehensiveIncomeNetOfTax": "-920400000",
            "ebit": "-790500000",
            "ebitda": "-197900000",
            "netIncome": "-901100000"
        },
        {
            "fiscalDateEnding": "2018-09-30",
            "reportedCurrency": "USD",
            "grossProfit": "1160100000",
            "totalRevenue": "1758200000",
            "costOfRevenue": "1468100000",
            "costofGoodsAndServicesSold": "529000000",
            "operatingIncome": "223300000",
            "sellingGeneralAndAdministrative": "787700000",
            "researchAndDevelopment": "95700000",
            "operatingExpenses": "1034800000",
            "investmentIncomeNet": "800000",
            "netInterestIncome": "-67500000",
            "interestIncome": "800000",
            "interestExpense": "68300000",
            "nonInterestIncome": "1826500000",
            "otherNonOperatingIncome": "-2200000",
            "depreciation": "None",
            "depreciationAndAmortization": "147600000",
            "incomeBeforeTax": "153700000",
            "incomeTaxExpense": "-8500000",
            "interestAndDebtExpense": "68300000",
            "netIncomeFromContinuingOperations": "162100000",
            "comprehensiveIncomeNetOfTax": "157100000",
            "ebit": "223300000",
            "ebitda": "369600000",
            "netIncome": "162200000"
        },
        {
            "fiscalDateEnding": "2018-06-30",
            "reportedCurrency": "USD",
            "grossProfit": "1274400000",
            "totalRevenue": "1898800000",
            "costOfRevenue": "1524500000",
            "costofGoodsAndServicesSold": "583700000",
            "operatingIncome": "296000000",
            "sellingGeneralAndAdministrative": "791300000",
            "researchAndDevelopment": "99100000",
            "operatingExpenses": "1039900000",
            "investmentIncomeNet": "600000",
            "netInterestIncome": "-75300000",
            "interestIncome": "600000",
            "interestExpense": "75900000",
            "nonInterestIncome": "-32900000",
            "otherNonOperatingIncome": "-2900000",
            "depreciation": "None",
            "depreciationAndAmortization": "149500000",
            "incomeBeforeTax": "217900000",
            "incomeTaxExpense": "32900000",
            "interestAndDebtExpense": "75900000",
            "netIncomeFromContinuingOperations": "184900000",
            "comprehensiveIncomeNetOfTax": "73200000",
            "ebit": "296000000",
            "ebitda": "443300000",
            "netIncome": "185000000"
        }
    ]
}