{
    "symbol": "ZBRA",
    "annualReports": [
        {
            "fiscalDateEnding": "2022-12-31",
            "reportedCurrency": "USD",
            "grossProfit": "2624000000",
            "totalRevenue": "5778000000",
            "costOfRevenue": "4378000000",
            "costofGoodsAndServicesSold": "3157000000",
            "operatingIncome": "529000000",
            "sellingGeneralAndAdministrative": "982000000",
            "researchAndDevelopment": "570000000",
            "operatingExpenses": "2095000000",
            "investmentIncomeNet": "None",
            "netInterestIncome": "23000000",
            "interestIncome": "None",
            "interestExpense": "23000000",
            "nonInterestIncome": "5778000000",
            "otherNonOperatingIncome": "-5000000",
            "depreciation": "68000000",
            "depreciationAndAmortization": "204000000",
            "incomeBeforeTax": "544000000",
            "incomeTaxExpense": "81000000",
            "interestAndDebtExpense": "None",
            "netIncomeFromContinuingOperations": "463000000",
            "comprehensiveIncomeNetOfTax": "426000000",
            "ebit": "529000000",
            "ebitda": "733000000",
            "netIncome": "463000000"
        },
        {
            "fiscalDateEnding": "2021-12-31",
            "reportedCurrency": "USD",
            "grossProfit": "2628000000",
            "totalRevenue": "5619000000",
            "costOfRevenue": "4153000000",
            "costofGoodsAndServicesSold": "2999000000",
            "operatingIncome": "979000000",
            "sellingGeneralAndAdministrative": "935000000",
            "researchAndDevelopment": "567000000",
            "operatingExpenses": "1649000000",
            "investmentIncomeNet": "None",
            "netInterestIncome": "-5000000",
            "interestIncome": "None",
            "interestExpense": "5000000",
            "nonInterestIncome": "5624000000",
            "otherNonOperatingIncome": "-1000000",
            "depreciation": "72000000",
            "depreciationAndAmortization": "187000000",
            "incomeBeforeTax": "968000000",
            "incomeTaxExpense": "131000000",
            "interestAndDebtExpense": "5000000",
            "netIncomeFromContinuingOperations": "837000000",
            "comprehensiveIncomeNetOfTax": "877000000",
            "ebit": "973000000",
            "ebitda": "1160000000",
            "netIncome": "837000000"
        },
        {
            "fiscalDateEnding": "2020-12-31",
            "reportedCurrency": "USD",
            "grossProfit": "2003000000",
            "totalRevenue": "4359000000",
            "costOfRevenue": "3412000000",
            "costofGoodsAndServicesSold": "2445000000",
            "operatingIncome": "651000000",
            "sellingGeneralAndAdministrative": "787000000",
            "researchAndDevelopment": "453000000",
            "operatingExpenses": "1352000000",
            "investmentIncomeNet": "None",
            "netInterestIncome": "-76000000",
            "interestIncome": "None",
            "interestExpense": "76000000",
            "nonInterestIncome": "4435000000",
            "otherNonOperatingIncome": "3000000",
            "depreciation": "68000000",
            "depreciationAndAmortization": "146000000",
            "incomeBeforeTax": "560000000",
            "incomeTaxExpense": "56000000",
            "interestAndDebtExpense": "76000000",
            "netIncomeFromContinuingOperations": "504000000",
            "comprehensiveIncomeNetOfTax": "479000000",
            "ebit": "636000000",
            "ebitda": "782000000",
            "netIncome": "504000000"
        },
        {
            "fiscalDateEnding": "2019-12-31",
            "reportedCurrency": "USD",
            "grossProfit": "2100000000",
            "totalRevenue": "4392000000",
            "costOfRevenue": "3418000000",
            "costofGoodsAndServicesSold": "2385000000",
            "operatingIncome": "692000000",
            "sellingGeneralAndAdministrative": "826000000",
            "researchAndDevelopment": "447000000",
            "operatingExpenses": "1408000000",
            "investmentIncomeNet": "None",
            "netInterestIncome": "-89000000",
            "interestIncome": "95000000",
            "interestExpense": "89000000",
            "nonInterestIncome": "4481000000",
            "otherNonOperatingIncome": "1000000",
            "depreciation": "72000000",
            "depreciationAndAmortization": "175000000",
            "incomeBeforeTax": "598000000",
            "incomeTaxExpense": "54000000",
            "interestAndDebtExpense": "90000000",
            "netIncomeFromContinuingOperations": "544000000",
            "comprehensiveIncomeNetOfTax": "535000000",
            "ebit": "687000000",
            "ebitda": "862000000",
            "netIncome": "544000000"
        },
        {
            "fiscalDateEnding": "2018-12-31",
            "reportedCurrency": "USD",
            "grossProfit": "1981000000",
            "totalRevenue": "4122000000",
            "costOfRevenue": "3242000000",
            "costofGoodsAndServicesSold": "2237000000",
            "operatingIncome": "610000000",
            "sellingGeneralAndAdministrative": "811000000",
            "researchAndDevelopment": "444000000",
            "operatingExpenses": "1371000000",
            "investmentIncomeNet": "None",
            "netInterestIncome": "-91000000",
            "interestIncome": "96000000",
            "interestExpense": "91000000",
            "nonInterestIncome": "4213000000",
            "otherNonOperatingIncome": "10000000",
            "depreciation": "78000000",
            "depreciationAndAmortization": "175000000",
            "incomeBeforeTax": "524000000",
            "incomeTaxExpense": "103000000",
            "interestAndDebtExpense": "91000000",
            "netIncomeFromContinuingOperations": "421000000",
            "comprehensiveIncomeNetOfTax": "438000000",
            "ebit": "615000000",
            "ebitda": "790000000",
            "netIncome": "421000000"
        }
    ],
    "quarterlyReports": [
        {
            "fiscalDateEnding": "2022-12-31",
            "reportedCurrency": "USD",
            "grossProfit": "685000000",
            "totalRevenue": "1503000000",
            "costOfRevenue": "818000000",
            "costofGoodsAndServicesSold": "818000000",
            "operatingIncome": "260000000",
            "sellingGeneralAndAdministrative": "87000000",
            "researchAndDevelopment": "142000000",
            "operatingExpenses": "425000000",
            "investmentIncomeNet": "None",
            "netInterestIncome": "-25000000",
            "interestIncome": "None",
            "interestExpense": "25000000",
            "nonInterestIncome": "None",
            "otherNonOperatingIncome": "-2000000",
            "depreciation": "None",
            "depreciationAndAmortization": "46000000",
            "incomeBeforeTax": "225000000",
            "incomeTaxExpense": "39000000",
            "interestAndDebtExpense": "None",
            "netIncomeFromContinuingOperations": "186000000",
            "comprehensiveIncomeNetOfTax": "154000000",
            "ebit": "260000000",
            "ebitda": "306000000",
            "netIncome": "186000000"
        },
        {
            "fiscalDateEnding": "2022-09-30",
            "reportedCurrency": "USD",
            "grossProfit": "628000000",
            "totalRevenue": "1378000000",
            "costOfRevenue": "750000000",
            "costofGoodsAndServicesSold": "750000000",
            "operatingIncome": "202000000",
            "sellingGeneralAndAdministrative": "92000000",
            "researchAndDevelopment": "143000000",
            "operatingExpenses": "426000000",
            "investmentIncomeNet": "None",
            "netInterestIncome": "21000000",
            "interestIncome": "None",
            "interestExpense": "21000000",
            "nonInterestIncome": "None",
            "otherNonOperatingIncome": "-1000000",
            "depreciation": "None",
            "depreciationAndAmortization": "55000000",
            "incomeBeforeTax": "222000000",
            "incomeTaxExpense": "52000000",
            "interestAndDebtExpense": "None",
            "netIncomeFromContinuingOperations": "170000000",
            "comprehensiveIncomeNetOfTax": "164000000",
            "ebit": "202000000",
            "ebitda": "257000000",
            "netIncome": "170000000"
        },
        {
            "fiscalDateEnding": "2022-06-30",
            "reportedCurrency": "USD",
            "grossProfit": "674000000",
            "totalRevenue": "1468000000",
            "costOfRevenue": "794000000",
            "costofGoodsAndServicesSold": "794000000",
            "operatingIncome": "-145000000",
            "sellingGeneralAndAdministrative": "97000000",
            "researchAndDevelopment": "148000000",
            "operatingExpenses": "819000000",
            "investmentIncomeNet": "None",
            "netInterestIncome": "-3000000",
            "interestIncome": "None",
            "interestExpense": "3000000",
            "nonInterestIncome": "None",
            "otherNonOperatingIncome": "-2000000",
            "depreciation": "None",
            "depreciationAndAmortization": "51000000",
            "incomeBeforeTax": "-153000000",
            "incomeTaxExpense": "-55000000",
            "interestAndDebtExpense": "None",
            "netIncomeFromContinuingOperations": "-98000000",
            "comprehensiveIncomeNetOfTax": "-97000000",
            "ebit": "-145000000",
            "ebitda": "-94000000",
            "netIncome": "-98000000"
        },
        {
            "fiscalDateEnding": "2022-03-31",
            "reportedCurrency": "USD",
            "grossProfit": "637000000",
            "totalRevenue": "1432000000",
            "costOfRevenue": "795000000",
            "costofGoodsAndServicesSold": "795000000",
            "operatingIncome": "212000000",
            "sellingGeneralAndAdministrative": "99000000",
            "researchAndDevelopment": "137000000",
            "operatingExpenses": "425000000",
            "investmentIncomeNet": "None",
            "netInterestIncome": "30000000",
            "interestIncome": "30000000",
            "interestExpense": "30000000",
            "nonInterestIncome": "None",
            "otherNonOperatingIncome": "38000000",
            "depreciation": "None",
            "depreciationAndAmortization": "52000000",
            "incomeBeforeTax": "250000000",
            "incomeTaxExpense": "45000000",
            "interestAndDebtExpense": "None",
            "netIncomeFromContinuingOperations": "205000000",
            "comprehensiveIncomeNetOfTax": "205000000",
            "ebit": "212000000",
            "ebitda": "264000000",
            "netIncome": "205000000"
        },
        {
            "fiscalDateEnding": "2021-12-31",
            "reportedCurrency": "USD",
            "grossProfit": "669000000",
            "totalRevenue": "1472000000",
            "costOfRevenue": "1116000000",
            "costofGoodsAndServicesSold": "798000000",
            "operatingIncome": "223000000",
            "sellingGeneralAndAdministrative": "246000000",
            "researchAndDevelopment": "145000000",
            "operatingExpenses": "446000000",
            "investmentIncomeNet": "None",
            "netInterestIncome": "5000000",
            "interestIncome": "None",
            "interestExpense": "5000000",
            "nonInterestIncome": "1467000000",
            "otherNonOperatingIncome": "0",
            "depreciation": "None",
            "depreciationAndAmortization": "51000000",
            "incomeBeforeTax": "226000000",
            "incomeTaxExpense": "35000000",
            "interestAndDebtExpense": "None",
            "netIncomeFromContinuingOperations": "191000000",
            "comprehensiveIncomeNetOfTax": "190000000",
            "ebit": "223000000",
            "ebitda": "274000000",
            "netIncome": "191000000"
        },
        {
            "fiscalDateEnding": "2021-09-30",
            "reportedCurrency": "USD",
            "grossProfit": "646000000",
            "totalRevenue": "1427000000",
            "costOfRevenue": "1058000000",
            "costofGoodsAndServicesSold": "790000000",
            "operatingIncome": "237000000",
            "sellingGeneralAndAdministrative": "233000000",
            "researchAndDevelopment": "141000000",
            "operatingExpenses": "409000000",
            "investmentIncomeNet": "None",
            "netInterestIncome": "-5000000",
            "interestIncome": "None",
            "interestExpense": "5000000",
            "nonInterestIncome": "1432000000",
            "otherNonOperatingIncome": "0",
            "depreciation": "None",
            "depreciationAndAmortization": "48000000",
            "incomeBeforeTax": "228000000",
            "incomeTaxExpense": "29000000",
            "interestAndDebtExpense": "None",
            "netIncomeFromContinuingOperations": "199000000",
            "comprehensiveIncomeNetOfTax": "209000000",
            "ebit": "237000000",
            "ebitda": "285000000",
            "netIncome": "199000000"
        },
        {
            "fiscalDateEnding": "2021-06-30",
            "reportedCurrency": "USD",
            "grossProfit": "658000000",
            "totalRevenue": "1369000000",
            "costOfRevenue": "989000000",
            "costofGoodsAndServicesSold": "719000000",
            "operatingIncome": "247000000",
            "sellingGeneralAndAdministrative": "240000000",
            "researchAndDevelopment": "141000000",
            "operatingExpenses": "411000000",
            "investmentIncomeNet": "None",
            "netInterestIncome": "-7000000",
            "interestIncome": "None",
            "interestExpense": "7000000",
            "nonInterestIncome": "1376000000",
            "otherNonOperatingIncome": "-1000000",
            "depreciation": "None",
            "depreciationAndAmortization": "44000000",
            "incomeBeforeTax": "238000000",
            "incomeTaxExpense": "19000000",
            "interestAndDebtExpense": "None",
            "netIncomeFromContinuingOperations": "219000000",
            "comprehensiveIncomeNetOfTax": "221000000",
            "ebit": "247000000",
            "ebitda": "291000000",
            "netIncome": "219000000"
        },
        {
            "fiscalDateEnding": "2021-03-31",
            "reportedCurrency": "USD",
            "grossProfit": "655000000",
            "totalRevenue": "1349000000",
            "costOfRevenue": "953000000",
            "costofGoodsAndServicesSold": "692000000",
            "operatingIncome": "272000000",
            "sellingGeneralAndAdministrative": "216000000",
            "researchAndDevelopment": "140000000",
            "operatingExpenses": "383000000",
            "investmentIncomeNet": "2000000",
            "netInterestIncome": "2000000",
            "interestIncome": "None",
            "interestExpense": "2000000",
            "nonInterestIncome": "1349000000",
            "otherNonOperatingIncome": "2000000",
            "depreciation": "None",
            "depreciationAndAmortization": "44000000",
            "incomeBeforeTax": "276000000",
            "incomeTaxExpense": "48000000",
            "interestAndDebtExpense": "None",
            "netIncomeFromContinuingOperations": "228000000",
            "comprehensiveIncomeNetOfTax": "257000000",
            "ebit": "272000000",
            "ebitda": "316000000",
            "netIncome": "228000000"
        },
        {
            "fiscalDateEnding": "2020-12-31",
            "reportedCurrency": "USD",
            "grossProfit": "618000000",
            "totalRevenue": "1308000000",
            "costOfRevenue": "957000000",
            "costofGoodsAndServicesSold": "690000000",
            "operatingIncome": "231000000",
            "sellingGeneralAndAdministrative": "218000000",
            "researchAndDevelopment": "137000000",
            "operatingExpenses": "387000000",
            "investmentIncomeNet": "None",
            "netInterestIncome": "-7000000",
            "interestIncome": "None",
            "interestExpense": "7000000",
            "nonInterestIncome": "1308000000",
            "otherNonOperatingIncome": "-5000000",
            "depreciation": "None",
            "depreciationAndAmortization": "43000000",
            "incomeBeforeTax": "216000000",
            "incomeTaxExpense": "17000000",
            "interestAndDebtExpense": "None",
            "netIncomeFromContinuingOperations": "618000000",
            "comprehensiveIncomeNetOfTax": "192000000",
            "ebit": "231000000",
            "ebitda": "274000000",
            "netIncome": "199000000"
        },
        {
            "fiscalDateEnding": "2020-09-30",
            "reportedCurrency": "USD",
            "grossProfit": "493000000",
            "totalRevenue": "1129000000",
            "costOfRevenue": "869000000",
            "costofGoodsAndServicesSold": "639000000",
            "operatingIncome": "150000000",
            "sellingGeneralAndAdministrative": "190000000",
            "researchAndDevelopment": "113000000",
            "operatingExpenses": "343000000",
            "investmentIncomeNet": "None",
            "netInterestIncome": "-10000000",
            "interestIncome": "None",
            "interestExpense": "10000000",
            "nonInterestIncome": "1129000000",
            "otherNonOperatingIncome": "1000000",
            "depreciation": "None",
            "depreciationAndAmortization": "35000000",
            "incomeBeforeTax": "138000000",
            "incomeTaxExpense": "22000000",
            "interestAndDebtExpense": "None",
            "netIncomeFromContinuingOperations": "116000000",
            "comprehensiveIncomeNetOfTax": "112000000",
            "ebit": "150000000",
            "ebitda": "185000000",
            "netIncome": "116000000"
        },
        {
            "fiscalDateEnding": "2020-06-30",
            "reportedCurrency": "USD",
            "grossProfit": "419000000",
            "totalRevenue": "947000000",
            "costOfRevenue": "739000000",
            "costofGoodsAndServicesSold": "537000000",
            "operatingIncome": "119000000",
            "sellingGeneralAndAdministrative": "183000000",
            "researchAndDevelopment": "98000000",
            "operatingExpenses": "300000000",
            "investmentIncomeNet": "None",
            "netInterestIncome": "-14000000",
            "interestIncome": "None",
            "interestExpense": "14000000",
            "nonInterestIncome": "947000000",
            "otherNonOperatingIncome": "7000000",
            "depreciation": "None",
            "depreciationAndAmortization": "34000000",
            "incomeBeforeTax": "103000000",
            "incomeTaxExpense": "3000000",
            "interestAndDebtExpense": "None",
            "netIncomeFromContinuingOperations": "100000000",
            "comprehensiveIncomeNetOfTax": "93000000",
            "ebit": "119000000",
            "ebitda": "153000000",
            "netIncome": "100000000"
        },
        {
            "fiscalDateEnding": "2020-03-31",
            "reportedCurrency": "USD",
            "grossProfit": "473000000",
            "totalRevenue": "1049000000",
            "costOfRevenue": "814000000",
            "costofGoodsAndServicesSold": "579000000",
            "operatingIncome": "151000000",
            "sellingGeneralAndAdministrative": "196000000",
            "researchAndDevelopment": "105000000",
            "operatingExpenses": "322000000",
            "investmentIncomeNet": "None",
            "netInterestIncome": "-45000000",
            "interestIncome": "None",
            "interestExpense": "45000000",
            "nonInterestIncome": "1049000000",
            "otherNonOperatingIncome": "0",
            "depreciation": "None",
            "depreciationAndAmortization": "34000000",
            "incomeBeforeTax": "103000000",
            "incomeTaxExpense": "14000000",
            "interestAndDebtExpense": "None",
            "netIncomeFromContinuingOperations": "89000000",
            "comprehensiveIncomeNetOfTax": "82000000",
            "ebit": "151000000",
            "ebitda": "185000000",
            "netIncome": "89000000"
        },
        {
            "fiscalDateEnding": "2019-12-31",
            "reportedCurrency": "USD",
            "grossProfit": "544000000",
            "totalRevenue": "1192000000",
            "costOfRevenue": "903000000",
            "costofGoodsAndServicesSold": "648000000",
            "operatingIncome": "188000000",
            "sellingGeneralAndAdministrative": "209000000",
            "researchAndDevelopment": "118000000",
            "operatingExpenses": "356000000",
            "investmentIncomeNet": "None",
            "netInterestIncome": "-4000000",
            "interestIncome": "8000000",
            "interestExpense": "4000000",
            "nonInterestIncome": "1192000000",
            "otherNonOperatingIncome": "-1000000",
            "depreciation": "None",
            "depreciationAndAmortization": "36000000",
            "incomeBeforeTax": "179000000",
            "incomeTaxExpense": "10000000",
            "interestAndDebtExpense": "None",
            "netIncomeFromContinuingOperations": "544000000",
            "comprehensiveIncomeNetOfTax": "156000000",
            "ebit": "188000000",
            "ebitda": "224000000",
            "netIncome": "169000000"
        },
        {
            "fiscalDateEnding": "2019-09-30",
            "reportedCurrency": "USD",
            "grossProfit": "535000000",
            "totalRevenue": "1132000000",
            "costOfRevenue": "835000000",
            "costofGoodsAndServicesSold": "595000000",
            "operatingIncome": "185000000",
            "sellingGeneralAndAdministrative": "202000000",
            "researchAndDevelopment": "110000000",
            "operatingExpenses": "350000000",
            "investmentIncomeNet": "None",
            "netInterestIncome": "-28000000",
            "interestIncome": "None",
            "interestExpense": "28000000",
            "nonInterestIncome": "1132000000",
            "otherNonOperatingIncome": "0",
            "depreciation": "None",
            "depreciationAndAmortization": "44000000",
            "incomeBeforeTax": "159000000",
            "incomeTaxExpense": "23000000",
            "interestAndDebtExpense": "None",
            "netIncomeFromContinuingOperations": "136000000",
            "comprehensiveIncomeNetOfTax": "145000000",
            "ebit": "185000000",
            "ebitda": "229000000",
            "netIncome": "136000000"
        },
        {
            "fiscalDateEnding": "2019-06-30",
            "reportedCurrency": "USD",
            "grossProfit": "520000000",
            "totalRevenue": "1096000000",
            "costOfRevenue": "829000000",
            "costofGoodsAndServicesSold": "577000000",
            "operatingIncome": "160000000",
            "sellingGeneralAndAdministrative": "217000000",
            "researchAndDevelopment": "108000000",
            "operatingExpenses": "360000000",
            "investmentIncomeNet": "None",
            "netInterestIncome": "-33000000",
            "interestIncome": "None",
            "interestExpense": "33000000",
            "nonInterestIncome": "1096000000",
            "otherNonOperatingIncome": "3000000",
            "depreciation": "None",
            "depreciationAndAmortization": "48000000",
            "incomeBeforeTax": "129000000",
            "incomeTaxExpense": "5000000",
            "interestAndDebtExpense": "None",
            "netIncomeFromContinuingOperations": "124000000",
            "comprehensiveIncomeNetOfTax": "115000000",
            "ebit": "160000000",
            "ebitda": "208000000",
            "netIncome": "124000000"
        },
        {
            "fiscalDateEnding": "2019-03-31",
            "reportedCurrency": "USD",
            "grossProfit": "501000000",
            "totalRevenue": "1063000000",
            "costOfRevenue": "815000000",
            "costofGoodsAndServicesSold": "565000000",
            "operatingIncome": "159000000",
            "sellingGeneralAndAdministrative": "198000000",
            "researchAndDevelopment": "111000000",
            "operatingExpenses": "342000000",
            "investmentIncomeNet": "None",
            "netInterestIncome": "-24000000",
            "interestIncome": "None",
            "interestExpense": "24000000",
            "nonInterestIncome": "1063000000",
            "otherNonOperatingIncome": "-1000000",
            "depreciation": "None",
            "depreciationAndAmortization": "47000000",
            "incomeBeforeTax": "131000000",
            "incomeTaxExpense": "16000000",
            "interestAndDebtExpense": "None",
            "netIncomeFromContinuingOperations": "115000000",
            "comprehensiveIncomeNetOfTax": "119000000",
            "ebit": "159000000",
            "ebitda": "206000000",
            "netIncome": "115000000"
        },
        {
            "fiscalDateEnding": "2018-12-31",
            "reportedCurrency": "USD",
            "grossProfit": "539000000",
            "totalRevenue": "1137000000",
            "costOfRevenue": "855000000",
            "costofGoodsAndServicesSold": "598000000",
            "operatingIncome": "179000000",
            "sellingGeneralAndAdministrative": "211000000",
            "researchAndDevelopment": "121000000",
            "operatingExpenses": "360000000",
            "investmentIncomeNet": "None",
            "netInterestIncome": "-90000000",
            "interestIncome": "None",
            "interestExpense": "90000000",
            "nonInterestIncome": "1137000000",
            "otherNonOperatingIncome": "8000000",
            "depreciation": "None",
            "depreciationAndAmortization": "44000000",
            "incomeBeforeTax": "148000000",
            "incomeTaxExpense": "33000000",
            "interestAndDebtExpense": "90000000",
            "netIncomeFromContinuingOperations": "115000000",
            "comprehensiveIncomeNetOfTax": "109000000",
            "ebit": "238000000",
            "ebitda": "282000000",
            "netIncome": "115000000"
        },
        {
            "fiscalDateEnding": "2018-09-30",
            "reportedCurrency": "USD",
            "grossProfit": "505000000",
            "totalRevenue": "1090000000",
            "costOfRevenue": "817000000",
            "costofGoodsAndServicesSold": "587000000",
            "operatingIncome": "162000000",
            "sellingGeneralAndAdministrative": "195000000",
            "researchAndDevelopment": "113000000",
            "operatingExpenses": "343000000",
            "investmentIncomeNet": "None",
            "netInterestIncome": "None",
            "interestIncome": "None",
            "interestExpense": "1000000",
            "nonInterestIncome": "1091000000",
            "otherNonOperatingIncome": "0",
            "depreciation": "None",
            "depreciationAndAmortization": "45000000",
            "incomeBeforeTax": "143000000",
            "incomeTaxExpense": "16000000",
            "interestAndDebtExpense": "1000000",
            "netIncomeFromContinuingOperations": "127000000",
            "comprehensiveIncomeNetOfTax": "128000000",
            "ebit": "144000000",
            "ebitda": "189000000",
            "netIncome": "127000000"
        },
        {
            "fiscalDateEnding": "2018-06-30",
            "reportedCurrency": "USD",
            "grossProfit": "472000000",
            "totalRevenue": "1007000000",
            "costOfRevenue": "778000000",
            "costofGoodsAndServicesSold": "540000000",
            "operatingIncome": "125000000",
            "sellingGeneralAndAdministrative": "214000000",
            "researchAndDevelopment": "109000000",
            "operatingExpenses": "347000000",
            "investmentIncomeNet": "None",
            "netInterestIncome": "-1000000",
            "interestIncome": "None",
            "interestExpense": "1000000",
            "nonInterestIncome": "1008000000",
            "otherNonOperatingIncome": "2000000",
            "depreciation": "None",
            "depreciationAndAmortization": "43000000",
            "incomeBeforeTax": "100000000",
            "incomeTaxExpense": "30000000",
            "interestAndDebtExpense": "1000000",
            "netIncomeFromContinuingOperations": "70000000",
            "comprehensiveIncomeNetOfTax": "86000000",
            "ebit": "101000000",
            "ebitda": "144000000",
            "netIncome": "70000000"
        },
        {
            "fiscalDateEnding": "2018-03-31",
            "reportedCurrency": "USD",
            "grossProfit": "465000000",
            "totalRevenue": "1953000000",
            "costOfRevenue": "752000000",
            "costofGoodsAndServicesSold": "512000000",
            "operatingIncome": "144000000",
            "sellingGeneralAndAdministrative": "191000000",
            "researchAndDevelopment": "101000000",
            "operatingExpenses": "321000000",
            "investmentIncomeNet": "None",
            "netInterestIncome": "-1000000",
            "interestIncome": "None",
            "interestExpense": "1000000",
            "nonInterestIncome": "977000000",
            "otherNonOperatingIncome": "0",
            "depreciation": "None",
            "depreciationAndAmortization": "43000000",
            "incomeBeforeTax": "133000000",
            "incomeTaxExpense": "24000000",
            "interestAndDebtExpense": "1000000",
            "netIncomeFromContinuingOperations": "109000000",
            "comprehensiveIncomeNetOfTax": "115000000",
            "ebit": "134000000",
            "ebitda": "177000000",
            "netIncome": "109000000"
        }
    ]
}