{
    "symbol": "ZTS",
    "annualReports": [
        {
            "fiscalDateEnding": "2022-12-31",
            "reportedCurrency": "USD",
            "grossProfit": "3365000000",
            "totalRevenue": "8080000000",
            "costOfRevenue": "4715000000",
            "costofGoodsAndServicesSold": "2454000000",
            "operatingIncome": "565000000",
            "sellingGeneralAndAdministrative": "2009000000",
            "researchAndDevelopment": "539000000",
            "operatingExpenses": "2800000000",
            "investmentIncomeNet": "None",
            "netInterestIncome": "-221000000",
            "interestIncome": "50000000",
            "interestExpense": "221000000",
            "nonInterestIncome": "-62000000",
            "otherNonOperatingIncome": "14000000",
            "depreciation": "272000000",
            "depreciationAndAmortization": "193000000",
            "incomeBeforeTax": "2659000000",
            "incomeTaxExpense": "545000000",
            "interestAndDebtExpense": "221000000",
            "netIncomeFromContinuingOperations": "2111000000",
            "comprehensiveIncomeNetOfTax": "2061000000",
            "ebit": "2880000000",
            "ebitda": "3073000000",
            "netIncome": "2114000000"
        },
        {
            "fiscalDateEnding": "2021-12-31",
            "reportedCurrency": "USD",
            "grossProfit": "3188000000",
            "totalRevenue": "7776000000",
            "costOfRevenue": "4588000000",
            "costofGoodsAndServicesSold": "2303000000",
            "operatingIncome": "392000000",
            "sellingGeneralAndAdministrative": "2001000000",
            "researchAndDevelopment": "508000000",
            "operatingExpenses": "2796000000",
            "investmentIncomeNet": "None",
            "netInterestIncome": "-224000000",
            "interestIncome": "6000000",
            "interestExpense": "224000000",
            "nonInterestIncome": "-27000000",
            "otherNonOperatingIncome": "-4000000",
            "depreciation": "244000000",
            "depreciationAndAmortization": "204000000",
            "incomeBeforeTax": "2491000000",
            "incomeTaxExpense": "454000000",
            "interestAndDebtExpense": "224000000",
            "netIncomeFromContinuingOperations": "2034000000",
            "comprehensiveIncomeNetOfTax": "2003000000",
            "ebit": "2715000000",
            "ebitda": "2919000000",
            "netIncome": "2037000000"
        },
        {
            "fiscalDateEnding": "2020-12-31",
            "reportedCurrency": "USD",
            "grossProfit": "2593000000",
            "totalRevenue": "6675000000",
            "costOfRevenue": "4082000000",
            "costofGoodsAndServicesSold": "2057000000",
            "operatingIncome": "124000000",
            "sellingGeneralAndAdministrative": "1726000000",
            "researchAndDevelopment": "463000000",
            "operatingExpenses": "2469000000",
            "investmentIncomeNet": "None",
            "netInterestIncome": "-231000000",
            "interestIncome": "12000000",
            "interestExpense": "231000000",
            "nonInterestIncome": "-21000000",
            "otherNonOperatingIncome": "-5000000",
            "depreciation": "211000000",
            "depreciationAndAmortization": "230000000",
            "incomeBeforeTax": "1998000000",
            "incomeTaxExpense": "360000000",
            "interestAndDebtExpense": "231000000",
            "netIncomeFromContinuingOperations": "1636000000",
            "comprehensiveIncomeNetOfTax": "1634000000",
            "ebit": "2229000000",
            "ebitda": "2459000000",
            "netIncome": "1638000000"
        },
        {
            "fiscalDateEnding": "2019-12-31",
            "reportedCurrency": "USD",
            "grossProfit": "2310000000",
            "totalRevenue": "6260000000",
            "costOfRevenue": "3950000000",
            "costofGoodsAndServicesSold": "1992000000",
            "operatingIncome": "-85000000",
            "sellingGeneralAndAdministrative": "1638000000",
            "researchAndDevelopment": "457000000",
            "operatingExpenses": "2395000000",
            "investmentIncomeNet": "None",
            "netInterestIncome": "-223000000",
            "interestIncome": "37000000",
            "interestExpense": "223000000",
            "nonInterestIncome": "-16000000",
            "otherNonOperatingIncome": "0",
            "depreciation": "175000000",
            "depreciationAndAmortization": "237000000",
            "incomeBeforeTax": "1801000000",
            "incomeTaxExpense": "301000000",
            "interestAndDebtExpense": "223000000",
            "netIncomeFromContinuingOperations": "1500000000",
            "comprehensiveIncomeNetOfTax": "1403000000",
            "ebit": "2024000000",
            "ebitda": "2261000000",
            "netIncome": "1500000000"
        },
        {
            "fiscalDateEnding": "2018-12-31",
            "reportedCurrency": "USD",
            "grossProfit": "2183000000",
            "totalRevenue": "5825000000",
            "costOfRevenue": "3642000000",
            "costofGoodsAndServicesSold": "1911000000",
            "operatingIncome": "60000000",
            "sellingGeneralAndAdministrative": "1484000000",
            "researchAndDevelopment": "432000000",
            "operatingExpenses": "2123000000",
            "investmentIncomeNet": "None",
            "netInterestIncome": "-206000000",
            "interestIncome": "31000000",
            "interestExpense": "206000000",
            "nonInterestIncome": "-31000000",
            "otherNonOperatingIncome": "15000000",
            "depreciation": "152000000",
            "depreciationAndAmortization": "157000000",
            "incomeBeforeTax": "1694000000",
            "incomeTaxExpense": "266000000",
            "interestAndDebtExpense": "206000000",
            "netIncomeFromContinuingOperations": "1424000000",
            "comprehensiveIncomeNetOfTax": "1304000000",
            "ebit": "1900000000",
            "ebitda": "2057000000",
            "netIncome": "1428000000"
        }
    ],
    "quarterlyReports": [
        {
            "fiscalDateEnding": "2022-12-31",
            "reportedCurrency": "USD",
            "grossProfit": "780000000",
            "totalRevenue": "2040000000",
            "costOfRevenue": "1260000000",
            "costofGoodsAndServicesSold": "653000000",
            "operatingIncome": "25000000",
            "sellingGeneralAndAdministrative": "514000000",
            "researchAndDevelopment": "148000000",
            "operatingExpenses": "755000000",
            "investmentIncomeNet": "None",
            "netInterestIncome": "-62000000",
            "interestIncome": "30000000",
            "interestExpense": "62000000",
            "nonInterestIncome": "-26000000",
            "otherNonOperatingIncome": "6000000",
            "depreciation": "None",
            "depreciationAndAmortization": "46000000",
            "incomeBeforeTax": "593000000",
            "incomeTaxExpense": "132000000",
            "interestAndDebtExpense": "62000000",
            "netIncomeFromContinuingOperations": "460000000",
            "comprehensiveIncomeNetOfTax": "453000000",
            "ebit": "655000000",
            "ebitda": "701000000",
            "netIncome": "461000000"
        },
        {
            "fiscalDateEnding": "2022-09-30",
            "reportedCurrency": "USD",
            "grossProfit": "844000000",
            "totalRevenue": "2002000000",
            "costOfRevenue": "1158000000",
            "costofGoodsAndServicesSold": "607000000",
            "operatingIncome": "159000000",
            "sellingGeneralAndAdministrative": "501000000",
            "researchAndDevelopment": "134000000",
            "operatingExpenses": "685000000",
            "investmentIncomeNet": "None",
            "netInterestIncome": "-53000000",
            "interestIncome": "13000000",
            "interestExpense": "53000000",
            "nonInterestIncome": "-11000000",
            "otherNonOperatingIncome": "1000000",
            "depreciation": "None",
            "depreciationAndAmortization": "48000000",
            "incomeBeforeTax": "668000000",
            "incomeTaxExpense": "139000000",
            "interestAndDebtExpense": "53000000",
            "netIncomeFromContinuingOperations": "528000000",
            "comprehensiveIncomeNetOfTax": "442000000",
            "ebit": "721000000",
            "ebitda": "769000000",
            "netIncome": "529000000"
        },
        {
            "fiscalDateEnding": "2022-06-30",
            "reportedCurrency": "USD",
            "grossProfit": "851000000",
            "totalRevenue": "2052000000",
            "costOfRevenue": "1201000000",
            "costofGoodsAndServicesSold": "625000000",
            "operatingIncome": "140000000",
            "sellingGeneralAndAdministrative": "529000000",
            "researchAndDevelopment": "135000000",
            "operatingExpenses": "711000000",
            "investmentIncomeNet": "None",
            "netInterestIncome": "-53000000",
            "interestIncome": "5000000",
            "interestExpense": "53000000",
            "nonInterestIncome": "-14000000",
            "otherNonOperatingIncome": "6000000",
            "depreciation": "None",
            "depreciationAndAmortization": "47000000",
            "incomeBeforeTax": "670000000",
            "incomeTaxExpense": "141000000",
            "interestAndDebtExpense": "53000000",
            "netIncomeFromContinuingOperations": "529000000",
            "comprehensiveIncomeNetOfTax": "511000000",
            "ebit": "723000000",
            "ebitda": "770000000",
            "netIncome": "529000000"
        },
        {
            "fiscalDateEnding": "2022-03-31",
            "reportedCurrency": "USD",
            "grossProfit": "899000000",
            "totalRevenue": "1986000000",
            "costOfRevenue": "1087000000",
            "costofGoodsAndServicesSold": "569000000",
            "operatingIncome": "259000000",
            "sellingGeneralAndAdministrative": "465000000",
            "researchAndDevelopment": "122000000",
            "operatingExpenses": "640000000",
            "investmentIncomeNet": "None",
            "netInterestIncome": "-53000000",
            "interestIncome": "2000000",
            "interestExpense": "53000000",
            "nonInterestIncome": "-11000000",
            "otherNonOperatingIncome": "1000000",
            "depreciation": "None",
            "depreciationAndAmortization": "52000000",
            "incomeBeforeTax": "728000000",
            "incomeTaxExpense": "133000000",
            "interestAndDebtExpense": "53000000",
            "netIncomeFromContinuingOperations": "594000000",
            "comprehensiveIncomeNetOfTax": "655000000",
            "ebit": "781000000",
            "ebitda": "833000000",
            "netIncome": "595000000"
        },
        {
            "fiscalDateEnding": "2021-12-31",
            "reportedCurrency": "USD",
            "grossProfit": "696000000",
            "totalRevenue": "1967000000",
            "costOfRevenue": "1271000000",
            "costofGoodsAndServicesSold": "600000000",
            "operatingIncome": "-116000000",
            "sellingGeneralAndAdministrative": "593000000",
            "researchAndDevelopment": "138000000",
            "operatingExpenses": "812000000",
            "investmentIncomeNet": "None",
            "netInterestIncome": "-54000000",
            "interestIncome": "2000000",
            "interestExpense": "54000000",
            "nonInterestIncome": "-7000000",
            "otherNonOperatingIncome": "-3000000",
            "depreciation": "None",
            "depreciationAndAmortization": "50000000",
            "incomeBeforeTax": "507000000",
            "incomeTaxExpense": "93000000",
            "interestAndDebtExpense": "54000000",
            "netIncomeFromContinuingOperations": "413000000",
            "comprehensiveIncomeNetOfTax": "317000000",
            "ebit": "561000000",
            "ebitda": "611000000",
            "netIncome": "414000000"
        },
        {
            "fiscalDateEnding": "2021-09-30",
            "reportedCurrency": "USD",
            "grossProfit": "848000000",
            "totalRevenue": "1990000000",
            "costOfRevenue": "1142000000",
            "costofGoodsAndServicesSold": "586000000",
            "operatingIncome": "160000000",
            "sellingGeneralAndAdministrative": "504000000",
            "researchAndDevelopment": "132000000",
            "operatingExpenses": "688000000",
            "investmentIncomeNet": "None",
            "netInterestIncome": "-56000000",
            "interestIncome": "1000000",
            "interestExpense": "56000000",
            "nonInterestIncome": "-8000000",
            "otherNonOperatingIncome": "3000000",
            "depreciation": "None",
            "depreciationAndAmortization": "51000000",
            "incomeBeforeTax": "659000000",
            "incomeTaxExpense": "107000000",
            "interestAndDebtExpense": "56000000",
            "netIncomeFromContinuingOperations": "552000000",
            "comprehensiveIncomeNetOfTax": "508000000",
            "ebit": "715000000",
            "ebitda": "766000000",
            "netIncome": "552000000"
        },
        {
            "fiscalDateEnding": "2021-06-30",
            "reportedCurrency": "USD",
            "grossProfit": "833000000",
            "totalRevenue": "1948000000",
            "costOfRevenue": "1115000000",
            "costofGoodsAndServicesSold": "568000000",
            "operatingIncome": "166000000",
            "sellingGeneralAndAdministrative": "495000000",
            "researchAndDevelopment": "120000000",
            "operatingExpenses": "667000000",
            "investmentIncomeNet": "None",
            "netInterestIncome": "-57000000",
            "interestIncome": "2000000",
            "interestExpense": "57000000",
            "nonInterestIncome": "-9000000",
            "otherNonOperatingIncome": "-2000000",
            "depreciation": "None",
            "depreciationAndAmortization": "52000000",
            "incomeBeforeTax": "637000000",
            "incomeTaxExpense": "125000000",
            "interestAndDebtExpense": "57000000",
            "netIncomeFromContinuingOperations": "511000000",
            "comprehensiveIncomeNetOfTax": "522000000",
            "ebit": "694000000",
            "ebitda": "746000000",
            "netIncome": "512000000"
        },
        {
            "fiscalDateEnding": "2021-03-31",
            "reportedCurrency": "USD",
            "grossProfit": "855000000",
            "totalRevenue": "1871000000",
            "costOfRevenue": "1016000000",
            "costofGoodsAndServicesSold": "549000000",
            "operatingIncome": "270000000",
            "sellingGeneralAndAdministrative": "409000000",
            "researchAndDevelopment": "118000000",
            "operatingExpenses": "585000000",
            "investmentIncomeNet": "None",
            "netInterestIncome": "-57000000",
            "interestIncome": "1000000",
            "interestExpense": "57000000",
            "nonInterestIncome": "-3000000",
            "otherNonOperatingIncome": "-2000000",
            "depreciation": "None",
            "depreciationAndAmortization": "51000000",
            "incomeBeforeTax": "688000000",
            "incomeTaxExpense": "129000000",
            "interestAndDebtExpense": "57000000",
            "netIncomeFromContinuingOperations": "558000000",
            "comprehensiveIncomeNetOfTax": "656000000",
            "ebit": "745000000",
            "ebitda": "796000000",
            "netIncome": "559000000"
        },
        {
            "fiscalDateEnding": "2020-12-31",
            "reportedCurrency": "USD",
            "grossProfit": "584000000",
            "totalRevenue": "1807000000",
            "costOfRevenue": "1223000000",
            "costofGoodsAndServicesSold": "601000000",
            "operatingIncome": "-152000000",
            "sellingGeneralAndAdministrative": "520000000",
            "researchAndDevelopment": "133000000",
            "operatingExpenses": "736000000",
            "investmentIncomeNet": "None",
            "netInterestIncome": "-58000000",
            "interestIncome": "3000000",
            "interestExpense": "58000000",
            "nonInterestIncome": "-7000000",
            "otherNonOperatingIncome": "-4000000",
            "depreciation": "None",
            "depreciationAndAmortization": "52000000",
            "incomeBeforeTax": "421000000",
            "incomeTaxExpense": "62000000",
            "interestAndDebtExpense": "58000000",
            "netIncomeFromContinuingOperations": "358000000",
            "comprehensiveIncomeNetOfTax": "364000000",
            "ebit": "479000000",
            "ebitda": "531000000",
            "netIncome": "359000000"
        },
        {
            "fiscalDateEnding": "2020-09-30",
            "reportedCurrency": "USD",
            "grossProfit": "760000000",
            "totalRevenue": "1786000000",
            "costOfRevenue": "1026000000",
            "costofGoodsAndServicesSold": "546000000",
            "operatingIncome": "168000000",
            "sellingGeneralAndAdministrative": "424000000",
            "researchAndDevelopment": "112000000",
            "operatingExpenses": "592000000",
            "investmentIncomeNet": "None",
            "netInterestIncome": "-62000000",
            "interestIncome": "1000000",
            "interestExpense": "62000000",
            "nonInterestIncome": "-3000000",
            "otherNonOperatingIncome": "-2000000",
            "depreciation": "None",
            "depreciationAndAmortization": "56000000",
            "incomeBeforeTax": "597000000",
            "incomeTaxExpense": "118000000",
            "interestAndDebtExpense": "62000000",
            "netIncomeFromContinuingOperations": "479000000",
            "comprehensiveIncomeNetOfTax": "600000000",
            "ebit": "659000000",
            "ebitda": "715000000",
            "netIncome": "479000000"
        },
        {
            "fiscalDateEnding": "2020-06-30",
            "reportedCurrency": "USD",
            "grossProfit": "636000000",
            "totalRevenue": "1548000000",
            "costOfRevenue": "912000000",
            "costofGoodsAndServicesSold": "451000000",
            "operatingIncome": "64000000",
            "sellingGeneralAndAdministrative": "393000000",
            "researchAndDevelopment": "111000000",
            "operatingExpenses": "572000000",
            "investmentIncomeNet": "None",
            "netInterestIncome": "-58000000",
            "interestIncome": "2000000",
            "interestExpense": "58000000",
            "nonInterestIncome": "-6000000",
            "otherNonOperatingIncome": "0",
            "depreciation": "None",
            "depreciationAndAmortization": "61000000",
            "incomeBeforeTax": "483000000",
            "incomeTaxExpense": "106000000",
            "interestAndDebtExpense": "58000000",
            "netIncomeFromContinuingOperations": "376000000",
            "comprehensiveIncomeNetOfTax": "302000000",
            "ebit": "541000000",
            "ebitda": "602000000",
            "netIncome": "377000000"
        },
        {
            "fiscalDateEnding": "2020-03-31",
            "reportedCurrency": "USD",
            "grossProfit": "621000000",
            "totalRevenue": "1534000000",
            "costOfRevenue": "913000000",
            "costofGoodsAndServicesSold": "459000000",
            "operatingIncome": "60000000",
            "sellingGeneralAndAdministrative": "389000000",
            "researchAndDevelopment": "107000000",
            "operatingExpenses": "561000000",
            "investmentIncomeNet": "None",
            "netInterestIncome": "-53000000",
            "interestIncome": "6000000",
            "interestExpense": "53000000",
            "nonInterestIncome": "-5000000",
            "otherNonOperatingIncome": "1000000",
            "depreciation": "None",
            "depreciationAndAmortization": "62000000",
            "incomeBeforeTax": "497000000",
            "incomeTaxExpense": "74000000",
            "interestAndDebtExpense": "53000000",
            "netIncomeFromContinuingOperations": "423000000",
            "comprehensiveIncomeNetOfTax": "368000000",
            "ebit": "550000000",
            "ebitda": "612000000",
            "netIncome": "423000000"
        },
        {
            "fiscalDateEnding": "2019-12-31",
            "reportedCurrency": "USD",
            "grossProfit": "1674000000",
            "totalRevenue": "1674000000",
            "costOfRevenue": "1120000000",
            "costofGoodsAndServicesSold": "530000000",
            "operatingIncome": "1674000000",
            "sellingGeneralAndAdministrative": "472000000",
            "researchAndDevelopment": "132000000",
            "operatingExpenses": "702000000",
            "investmentIncomeNet": "None",
            "netInterestIncome": "-56000000",
            "interestIncome": "8000000",
            "interestExpense": "56000000",
            "nonInterestIncome": "-2000000",
            "otherNonOperatingIncome": "1000000",
            "depreciation": "None",
            "depreciationAndAmortization": "61000000",
            "incomeBeforeTax": "437000000",
            "incomeTaxExpense": "53000000",
            "interestAndDebtExpense": "56000000",
            "netIncomeFromContinuingOperations": "384000000",
            "comprehensiveIncomeNetOfTax": "357000000",
            "ebit": "493000000",
            "ebitda": "554000000",
            "netIncome": "384000000"
        },
        {
            "fiscalDateEnding": "2019-09-30",
            "reportedCurrency": "USD",
            "grossProfit": "654000000",
            "totalRevenue": "1584000000",
            "costOfRevenue": "930000000",
            "costofGoodsAndServicesSold": "479000000",
            "operatingIncome": "91000000",
            "sellingGeneralAndAdministrative": "391000000",
            "researchAndDevelopment": "112000000",
            "operatingExpenses": "563000000",
            "investmentIncomeNet": "None",
            "netInterestIncome": "-56000000",
            "interestIncome": "10000000",
            "interestExpense": "56000000",
            "nonInterestIncome": "-7000000",
            "otherNonOperatingIncome": "-1000000",
            "depreciation": "None",
            "depreciationAndAmortization": "60000000",
            "incomeBeforeTax": "528000000",
            "incomeTaxExpense": "95000000",
            "interestAndDebtExpense": "56000000",
            "netIncomeFromContinuingOperations": "433000000",
            "comprehensiveIncomeNetOfTax": "403000000",
            "ebit": "584000000",
            "ebitda": "644000000",
            "netIncome": "433000000"
        },
        {
            "fiscalDateEnding": "2019-06-30",
            "reportedCurrency": "USD",
            "grossProfit": "676000000",
            "totalRevenue": "1547000000",
            "costOfRevenue": "871000000",
            "costofGoodsAndServicesSold": "465000000",
            "operatingIncome": "159000000",
            "sellingGeneralAndAdministrative": "406000000",
            "researchAndDevelopment": "111000000",
            "operatingExpenses": "517000000",
            "investmentIncomeNet": "None",
            "netInterestIncome": "-55000000",
            "interestIncome": "9000000",
            "interestExpense": "55000000",
            "nonInterestIncome": "-7000000",
            "otherNonOperatingIncome": "1000000",
            "depreciation": "None",
            "depreciationAndAmortization": "58000000",
            "incomeBeforeTax": "455000000",
            "incomeTaxExpense": "84000000",
            "interestAndDebtExpense": "55000000",
            "netIncomeFromContinuingOperations": "371000000",
            "comprehensiveIncomeNetOfTax": "300000000",
            "ebit": "510000000",
            "ebitda": "568000000",
            "netIncome": "371000000"
        },
        {
            "fiscalDateEnding": "2019-03-31",
            "reportedCurrency": "USD",
            "grossProfit": "558000000",
            "totalRevenue": "1455000000",
            "costOfRevenue": "897000000",
            "costofGoodsAndServicesSold": "518000000",
            "operatingIncome": "77000000",
            "sellingGeneralAndAdministrative": "369000000",
            "researchAndDevelopment": "102000000",
            "operatingExpenses": "481000000",
            "investmentIncomeNet": "None",
            "netInterestIncome": "-56000000",
            "interestIncome": "10000000",
            "interestExpense": "56000000",
            "nonInterestIncome": "0",
            "otherNonOperatingIncome": "-1000000",
            "depreciation": "None",
            "depreciationAndAmortization": "58000000",
            "incomeBeforeTax": "381000000",
            "incomeTaxExpense": "69000000",
            "interestAndDebtExpense": "56000000",
            "netIncomeFromContinuingOperations": "312000000",
            "comprehensiveIncomeNetOfTax": "343000000",
            "ebit": "437000000",
            "ebitda": "495000000",
            "netIncome": "312000000"
        },
        {
            "fiscalDateEnding": "2018-12-31",
            "reportedCurrency": "USD",
            "grossProfit": "1564000000",
            "totalRevenue": "1564000000",
            "costOfRevenue": "1048000000",
            "costofGoodsAndServicesSold": "544000000",
            "operatingIncome": "1564000000",
            "sellingGeneralAndAdministrative": "420000000",
            "researchAndDevelopment": "125000000",
            "operatingExpenses": "589000000",
            "investmentIncomeNet": "None",
            "netInterestIncome": "-59000000",
            "interestIncome": "None",
            "interestExpense": "59000000",
            "nonInterestIncome": "-5000000",
            "otherNonOperatingIncome": "-3000000",
            "depreciation": "None",
            "depreciationAndAmortization": "61000000",
            "incomeBeforeTax": "418000000",
            "incomeTaxExpense": "73000000",
            "interestAndDebtExpense": "59000000",
            "netIncomeFromContinuingOperations": "345000000",
            "comprehensiveIncomeNetOfTax": "335000000",
            "ebit": "477000000",
            "ebitda": "538000000",
            "netIncome": "345000000"
        },
        {
            "fiscalDateEnding": "2018-09-30",
            "reportedCurrency": "USD",
            "grossProfit": "556000000",
            "totalRevenue": "1480000000",
            "costOfRevenue": "924000000",
            "costofGoodsAndServicesSold": "473000000",
            "operatingIncome": "-3000000",
            "sellingGeneralAndAdministrative": "367000000",
            "researchAndDevelopment": "108000000",
            "operatingExpenses": "559000000",
            "investmentIncomeNet": "None",
            "netInterestIncome": "-54000000",
            "interestIncome": "None",
            "interestExpense": "54000000",
            "nonInterestIncome": "-9000000",
            "otherNonOperatingIncome": "19000000",
            "depreciation": "None",
            "depreciationAndAmortization": "45000000",
            "incomeBeforeTax": "418000000",
            "incomeTaxExpense": "71000000",
            "interestAndDebtExpense": "54000000",
            "netIncomeFromContinuingOperations": "347000000",
            "comprehensiveIncomeNetOfTax": "271000000",
            "ebit": "472000000",
            "ebitda": "517000000",
            "netIncome": "347000000"
        },
        {
            "fiscalDateEnding": "2018-06-30",
            "reportedCurrency": "USD",
            "grossProfit": "582000000",
            "totalRevenue": "1415000000",
            "costOfRevenue": "833000000",
            "costofGoodsAndServicesSold": "447000000",
            "operatingIncome": "94000000",
            "sellingGeneralAndAdministrative": "359000000",
            "researchAndDevelopment": "102000000",
            "operatingExpenses": "488000000",
            "investmentIncomeNet": "None",
            "netInterestIncome": "-46000000",
            "interestIncome": "None",
            "interestExpense": "46000000",
            "nonInterestIncome": "-9000000",
            "otherNonOperatingIncome": "-1000000",
            "depreciation": "None",
            "depreciationAndAmortization": "26000000",
            "incomeBeforeTax": "439000000",
            "incomeTaxExpense": "55000000",
            "interestAndDebtExpense": "46000000",
            "netIncomeFromContinuingOperations": "382000000",
            "comprehensiveIncomeNetOfTax": "270000000",
            "ebit": "485000000",
            "ebitda": "511000000",
            "netIncome": "384000000"
        },
        {
            "fiscalDateEnding": "2018-03-31",
            "reportedCurrency": "USD",
            "grossProfit": "498000000",
            "totalRevenue": "1366000000",
            "costOfRevenue": "813000000",
            "costofGoodsAndServicesSold": "447000000",
            "operatingIncome": "35000000",
            "sellingGeneralAndAdministrative": "338000000",
            "researchAndDevelopment": "97000000",
            "operatingExpenses": "463000000",
            "investmentIncomeNet": "None",
            "netInterestIncome": "-47000000",
            "interestIncome": "None",
            "interestExpense": "47000000",
            "nonInterestIncome": "-8000000",
            "otherNonOperatingIncome": "0",
            "depreciation": "None",
            "depreciationAndAmortization": "25000000",
            "incomeBeforeTax": "419000000",
            "incomeTaxExpense": "67000000",
            "interestAndDebtExpense": "47000000",
            "netIncomeFromContinuingOperations": "350000000",
            "comprehensiveIncomeNetOfTax": "428000000",
            "ebit": "466000000",
            "ebitda": "491000000",
            "netIncome": "352000000"
        }
    ]
}