{
    "symbol": "ABC",
    "annualReports": [
        {
            "fiscalDateEnding": "2022-09-30",
            "reportedCurrency": "USD",
            "grossProfit": "8296367000",
            "totalRevenue": "238587006000",
            "costOfRevenue": "230290639000",
            "costofGoodsAndServicesSold": "230290639000",
            "operatingIncome": "2366378000",
            "sellingGeneralAndAdministrative": "4848962000",
            "researchAndDevelopment": "None",
            "operatingExpenses": "5746861000",
            "investmentIncomeNet": "None",
            "netInterestIncome": "-11900000",
            "interestIncome": "210673000",
            "interestExpense": "11900000",
            "nonInterestIncome": "41800000",
            "otherNonOperatingIncome": "27352000",
            "depreciation": "390643000",
            "depreciationAndAmortization": "693895000",
            "incomeBeforeTax": "2215337000",
            "incomeTaxExpense": "516517000",
            "interestAndDebtExpense": "11900000",
            "netIncomeFromContinuingOperations": "1666540000",
            "comprehensiveIncomeNetOfTax": "313292000",
            "ebit": "2366378000",
            "ebitda": "2921132000",
            "netIncome": "1698820000"
        },
        {
            "fiscalDateEnding": "2021-09-30",
            "reportedCurrency": "USD",
            "grossProfit": "6943228000",
            "totalRevenue": "213988843000",
            "costOfRevenue": "207045615000",
            "costofGoodsAndServicesSold": "207045615000",
            "operatingIncome": "2354197000",
            "sellingGeneralAndAdministrative": "3594251000",
            "researchAndDevelopment": "None",
            "operatingExpenses": "4563253000",
            "investmentIncomeNet": "None",
            "netInterestIncome": "-9700000",
            "interestIncome": "174074000",
            "interestExpense": "9700000",
            "nonInterestIncome": "-3400000",
            "otherNonOperatingIncome": "41736000",
            "depreciation": "326713000",
            "depreciationAndAmortization": "505124000",
            "incomeBeforeTax": "2217183000",
            "incomeTaxExpense": "677251000",
            "interestAndDebtExpense": "9700000",
            "netIncomeFromContinuingOperations": "1544608000",
            "comprehensiveIncomeNetOfTax": "1203320000",
            "ebit": "2354197000",
            "ebitda": "2732007000",
            "netIncome": "1539932000"
        },
        {
            "fiscalDateEnding": "2020-09-30",
            "reportedCurrency": "USD",
            "grossProfit": "5191884000",
            "totalRevenue": "189893926000",
            "costOfRevenue": "184702042000",
            "costofGoodsAndServicesSold": "184702042000",
            "operatingIncome": "-5135354000",
            "sellingGeneralAndAdministrative": "2767217000",
            "researchAndDevelopment": "None",
            "operatingExpenses": "10326933000",
            "investmentIncomeNet": "None",
            "netInterestIncome": "-6400000",
            "interestIncome": "137883000",
            "interestExpense": "6400000",
            "nonInterestIncome": "-3075000",
            "otherNonOperatingIncome": "-20594000",
            "depreciation": "290744000",
            "depreciationAndAmortization": "391087000",
            "incomeBeforeTax": "-5302989000",
            "incomeTaxExpense": "-1894273000",
            "interestAndDebtExpense": "28575000",
            "netIncomeFromContinuingOperations": "-3399558000",
            "comprehensiveIncomeNetOfTax": "-3405581000",
            "ebit": "-5135354000",
            "ebitda": "-4905502000",
            "netIncome": "-3408716000"
        },
        {
            "fiscalDateEnding": "2019-09-30",
            "reportedCurrency": "USD",
            "grossProfit": "5138312000",
            "totalRevenue": "179589121000",
            "costOfRevenue": "174450809000",
            "costofGoodsAndServicesSold": "174450809000",
            "operatingIncome": "1111923000",
            "sellingGeneralAndAdministrative": "2663508000",
            "researchAndDevelopment": "None",
            "operatingExpenses": "3948869000",
            "investmentIncomeNet": "None",
            "netInterestIncome": "-7100000",
            "interestIncome": "144069000",
            "interestExpense": "7100000",
            "nonInterestIncome": "13692000",
            "otherNonOperatingIncome": "None",
            "depreciation": "321102000",
            "depreciationAndAmortization": "462407000",
            "incomeBeforeTax": "968336000",
            "incomeTaxExpense": "112971000",
            "interestAndDebtExpense": "7100000",
            "netIncomeFromContinuingOperations": "854135000",
            "comprehensiveIncomeNetOfTax": "822653000",
            "ebit": "1111923000",
            "ebitda": "1437843000",
            "netIncome": "855365000"
        },
        {
            "fiscalDateEnding": "2018-09-30",
            "reportedCurrency": "USD",
            "grossProfit": "4612317000",
            "totalRevenue": "167939635000",
            "costOfRevenue": "163327318000",
            "costofGoodsAndServicesSold": "163327318000",
            "operatingIncome": "1443685000",
            "sellingGeneralAndAdministrative": "2460301000",
            "researchAndDevelopment": "None",
            "operatingExpenses": "3113264000",
            "investmentIncomeNet": "None",
            "netInterestIncome": "-7700000",
            "interestIncome": "14941000",
            "interestExpense": "7700000",
            "nonInterestIncome": "-23766000",
            "otherNonOperatingIncome": "-49235000",
            "depreciation": "318483000",
            "depreciationAndAmortization": "465127000",
            "incomeBeforeTax": "1219936000",
            "incomeTaxExpense": "-438469000",
            "interestAndDebtExpense": "31466000",
            "netIncomeFromContinuingOperations": "1615892000",
            "comprehensiveIncomeNetOfTax": "1675002000",
            "ebit": "1443685000",
            "ebitda": "1692763000",
            "netIncome": "1658405000"
        }
    ],
    "quarterlyReports": [
        {
            "fiscalDateEnding": "2022-12-31",
            "reportedCurrency": "USD",
            "grossProfit": "2145953000",
            "totalRevenue": "62846832000",
            "costOfRevenue": "60700879000",
            "costofGoodsAndServicesSold": "60700879000",
            "operatingIncome": "633143000",
            "sellingGeneralAndAdministrative": "1290928000",
            "researchAndDevelopment": "None",
            "operatingExpenses": "1435800000",
            "investmentIncomeNet": "None",
            "netInterestIncome": "-46016000",
            "interestIncome": "46016000",
            "interestExpense": "60806000",
            "nonInterestIncome": "None",
            "otherNonOperatingIncome": "6328000",
            "depreciation": "100332000",
            "depreciationAndAmortization": "171942000",
            "incomeBeforeTax": "597030000",
            "incomeTaxExpense": "117285000",
            "interestAndDebtExpense": "None",
            "netIncomeFromContinuingOperations": "476170000",
            "comprehensiveIncomeNetOfTax": "898797000",
            "ebit": "633143000",
            "ebitda": "805085000",
            "netIncome": "479745000"
        },
        {
            "fiscalDateEnding": "2022-09-30",
            "reportedCurrency": "USD",
            "grossProfit": "1985559000",
            "totalRevenue": "61174149000",
            "costOfRevenue": "59188590000",
            "costofGoodsAndServicesSold": "59188590000",
            "operatingIncome": "454519000",
            "sellingGeneralAndAdministrative": "1263462000",
            "researchAndDevelopment": "None",
            "operatingExpenses": "1465452000",
            "investmentIncomeNet": "None",
            "netInterestIncome": "-51523000",
            "interestIncome": "51523000",
            "interestExpense": "62321000",
            "nonInterestIncome": "-18173000",
            "otherNonOperatingIncome": "-20656000",
            "depreciation": "98318000",
            "depreciationAndAmortization": "170562000",
            "incomeBeforeTax": "378401000",
            "incomeTaxExpense": "83664000",
            "interestAndDebtExpense": "None",
            "netIncomeFromContinuingOperations": "298676000",
            "comprehensiveIncomeNetOfTax": "-114932000",
            "ebit": "454519000",
            "ebitda": "625081000",
            "netIncome": "294737000"
        },
        {
            "fiscalDateEnding": "2022-06-30",
            "reportedCurrency": "USD",
            "grossProfit": "2015369000",
            "totalRevenue": "60064601000",
            "costOfRevenue": "58049232000",
            "costofGoodsAndServicesSold": "58049232000",
            "operatingIncome": "487297000",
            "sellingGeneralAndAdministrative": "1212152000",
            "researchAndDevelopment": "None",
            "operatingExpenses": "1528084000",
            "investmentIncomeNet": "None",
            "netInterestIncome": "-52862000",
            "interestIncome": "4795000",
            "interestExpense": "57657000",
            "nonInterestIncome": "60000000",
            "otherNonOperatingIncome": "41888000",
            "depreciation": "97918000",
            "depreciationAndAmortization": "172114000",
            "incomeBeforeTax": "520084000",
            "incomeTaxExpense": "113120000",
            "interestAndDebtExpense": "None",
            "netIncomeFromContinuingOperations": "363203000",
            "comprehensiveIncomeNetOfTax": "-8518000",
            "ebit": "487297000",
            "ebitda": "659411000",
            "netIncome": "406964000"
        },
        {
            "fiscalDateEnding": "2022-03-31",
            "reportedCurrency": "USD",
            "grossProfit": "2235080000",
            "totalRevenue": "57719446000",
            "costOfRevenue": "55484366000",
            "costofGoodsAndServicesSold": "55484366000",
            "operatingIncome": "780157000",
            "sellingGeneralAndAdministrative": "1203238000",
            "researchAndDevelopment": "None",
            "operatingExpenses": "1518811000",
            "investmentIncomeNet": "None",
            "netInterestIncome": "-52916000",
            "interestIncome": "2456000",
            "interestExpense": "55372000",
            "nonInterestIncome": "-5327000",
            "otherNonOperatingIncome": "948000",
            "depreciation": "97481000",
            "depreciationAndAmortization": "175298000",
            "incomeBeforeTax": "720958000",
            "incomeTaxExpense": "172944000",
            "interestAndDebtExpense": "None",
            "netIncomeFromContinuingOperations": "555245000",
            "comprehensiveIncomeNetOfTax": "364978000",
            "ebit": "780157000",
            "ebitda": "955455000",
            "netIncome": "548014000"
        },
        {
            "fiscalDateEnding": "2021-12-31",
            "reportedCurrency": "USD",
            "grossProfit": "2060359000",
            "totalRevenue": "59628810000",
            "costOfRevenue": "57568451000",
            "costofGoodsAndServicesSold": "57568451000",
            "operatingIncome": "644405000",
            "sellingGeneralAndAdministrative": "1170110000",
            "researchAndDevelopment": "None",
            "operatingExpenses": "1472130000",
            "investmentIncomeNet": "None",
            "netInterestIncome": "-53372000",
            "interestIncome": "3260000",
            "interestExpense": "56632000",
            "nonInterestIncome": "5300000",
            "otherNonOperatingIncome": "5172000",
            "depreciation": "96926000",
            "depreciationAndAmortization": "175929000",
            "incomeBeforeTax": "595894000",
            "incomeTaxExpense": "146789000",
            "interestAndDebtExpense": "None",
            "netIncomeFromContinuingOperations": "449416000",
            "comprehensiveIncomeNetOfTax": "71764000",
            "ebit": "644405000",
            "ebitda": "820334000",
            "netIncome": "449105000"
        },
        {
            "fiscalDateEnding": "2021-09-30",
            "reportedCurrency": "USD",
            "grossProfit": "2069411000",
            "totalRevenue": "58912421000",
            "costOfRevenue": "56843010000",
            "costofGoodsAndServicesSold": "56843010000",
            "operatingIncome": "561895000",
            "sellingGeneralAndAdministrative": "1215688000",
            "researchAndDevelopment": "None",
            "operatingExpenses": "1615621000",
            "investmentIncomeNet": "None",
            "netInterestIncome": "-54596000",
            "interestIncome": "54596000",
            "interestExpense": "59771000",
            "nonInterestIncome": "-3400000",
            "otherNonOperatingIncome": "46637000",
            "depreciation": "88859000",
            "depreciationAndAmortization": "177689000",
            "incomeBeforeTax": "555186000",
            "incomeTaxExpense": "117488000",
            "interestAndDebtExpense": "9700000",
            "netIncomeFromContinuingOperations": "436448000",
            "comprehensiveIncomeNetOfTax": "225494000",
            "ebit": "561895000",
            "ebitda": "739584000",
            "netIncome": "437698000"
        },
        {
            "fiscalDateEnding": "2021-06-30",
            "reportedCurrency": "USD",
            "grossProfit": "1888206000",
            "totalRevenue": "53405695000",
            "costOfRevenue": "51517489000",
            "costofGoodsAndServicesSold": "51517489000",
            "operatingIncome": "620727000",
            "sellingGeneralAndAdministrative": "913414000",
            "researchAndDevelopment": "None",
            "operatingExpenses": "1120098000",
            "investmentIncomeNet": "None",
            "netInterestIncome": "-51338000",
            "interestIncome": "1673000",
            "interestExpense": "53011000",
            "nonInterestIncome": "0",
            "otherNonOperatingIncome": "4141000",
            "depreciation": "83172000",
            "depreciationAndAmortization": "127120000",
            "incomeBeforeTax": "570204000",
            "incomeTaxExpense": "278082000",
            "interestAndDebtExpense": "0",
            "netIncomeFromContinuingOperations": "295448000",
            "comprehensiveIncomeNetOfTax": "128132000",
            "ebit": "620727000",
            "ebitda": "747847000",
            "netIncome": "292122000"
        },
        {
            "fiscalDateEnding": "2021-03-31",
            "reportedCurrency": "USD",
            "grossProfit": "1533381000",
            "totalRevenue": "49154171000",
            "costOfRevenue": "47620790000",
            "costofGoodsAndServicesSold": "47620790000",
            "operatingIncome": "624347000",
            "sellingGeneralAndAdministrative": "730081000",
            "researchAndDevelopment": "None",
            "operatingExpenses": "909034000",
            "investmentIncomeNet": "None",
            "netInterestIncome": "-34526000",
            "interestIncome": "34526000",
            "interestExpense": "35184000",
            "nonInterestIncome": "-14000000",
            "otherNonOperatingIncome": "-23310000",
            "depreciation": "77539000",
            "depreciationAndAmortization": "100797000",
            "incomeBeforeTax": "567773000",
            "incomeTaxExpense": "132506000",
            "interestAndDebtExpense": "None",
            "netIncomeFromContinuingOperations": "434005000",
            "comprehensiveIncomeNetOfTax": "436486000",
            "ebit": "624347000",
            "ebitda": "725144000",
            "netIncome": "435267000"
        },
        {
            "fiscalDateEnding": "2020-12-31",
            "reportedCurrency": "USD",
            "grossProfit": "1452230000",
            "totalRevenue": "52516556000",
            "costOfRevenue": "51064326000",
            "costofGoodsAndServicesSold": "51064326000",
            "operatingIncome": "547228000",
            "sellingGeneralAndAdministrative": "735068000",
            "researchAndDevelopment": "None",
            "operatingExpenses": "911454000",
            "investmentIncomeNet": "None",
            "netInterestIncome": "-33614000",
            "interestIncome": "964000",
            "interestExpense": "34578000",
            "nonInterestIncome": "14000000",
            "otherNonOperatingIncome": "14268000",
            "depreciation": "77143000",
            "depreciationAndAmortization": "99553000",
            "incomeBeforeTax": "524020000",
            "incomeTaxExpense": "149175000",
            "interestAndDebtExpense": "None",
            "netIncomeFromContinuingOperations": "378707000",
            "comprehensiveIncomeNetOfTax": "413208000",
            "ebit": "547228000",
            "ebitda": "646781000",
            "netIncome": "374845000"
        },
        {
            "fiscalDateEnding": "2020-09-30",
            "reportedCurrency": "USD",
            "grossProfit": "1346847000",
            "totalRevenue": "49244768000",
            "costOfRevenue": "47897921000",
            "costofGoodsAndServicesSold": "47897921000",
            "operatingIncome": "-6113137000",
            "sellingGeneralAndAdministrative": "720966000",
            "researchAndDevelopment": "None",
            "operatingExpenses": "-500000",
            "investmentIncomeNet": "None",
            "netInterestIncome": "-34707000",
            "interestIncome": "34707000",
            "interestExpense": "35761000",
            "nonInterestIncome": "19100000",
            "otherNonOperatingIncome": "4387000",
            "depreciation": "75549000",
            "depreciationAndAmortization": "97362000",
            "incomeBeforeTax": "-6145024000",
            "incomeTaxExpense": "-1298952000",
            "interestAndDebtExpense": "6400000",
            "netIncomeFromContinuingOperations": "-6113137000",
            "comprehensiveIncomeNetOfTax": "-4826238000",
            "ebit": "-6113137000",
            "ebitda": "-6015775000",
            "netIncome": "-4846072000"
        },
        {
            "fiscalDateEnding": "2020-06-30",
            "reportedCurrency": "USD",
            "grossProfit": "1225716000",
            "totalRevenue": "45366777000",
            "costOfRevenue": "44141061000",
            "costofGoodsAndServicesSold": "44141061000",
            "operatingIncome": "404831000",
            "sellingGeneralAndAdministrative": "666885000",
            "researchAndDevelopment": "None",
            "operatingExpenses": "852254000",
            "investmentIncomeNet": "None",
            "netInterestIncome": "-37748000",
            "interestIncome": "1429000",
            "interestExpense": "39177000",
            "nonInterestIncome": "-22175000",
            "otherNonOperatingIncome": "-23248000",
            "depreciation": "71591000",
            "depreciationAndAmortization": "95415000",
            "incomeBeforeTax": "346006000",
            "incomeTaxExpense": "56567000",
            "interestAndDebtExpense": "22175000",
            "netIncomeFromContinuingOperations": "287268000",
            "comprehensiveIncomeNetOfTax": "293583000",
            "ebit": "404831000",
            "ebitda": "500246000",
            "netIncome": "289439000"
        },
        {
            "fiscalDateEnding": "2020-03-31",
            "reportedCurrency": "USD",
            "grossProfit": "1388107000",
            "totalRevenue": "47417639000",
            "costOfRevenue": "46029532000",
            "costofGoodsAndServicesSold": "46029532000",
            "operatingIncome": "309515000",
            "sellingGeneralAndAdministrative": "693413000",
            "researchAndDevelopment": "None",
            "operatingExpenses": "854840000",
            "investmentIncomeNet": "None",
            "netInterestIncome": "-34421000",
            "interestIncome": "7561000",
            "interestExpense": "41982000",
            "nonInterestIncome": "None",
            "otherNonOperatingIncome": "1109000",
            "depreciation": "71758000",
            "depreciationAndAmortization": "93795000",
            "incomeBeforeTax": "265369000",
            "incomeTaxExpense": "-694908000",
            "interestAndDebtExpense": "None",
            "netIncomeFromContinuingOperations": "971111000",
            "comprehensiveIncomeNetOfTax": "915200000",
            "ebit": "309515000",
            "ebitda": "403310000",
            "netIncome": "960277000"
        },
        {
            "fiscalDateEnding": "2019-12-31",
            "reportedCurrency": "USD",
            "grossProfit": "1231214000",
            "totalRevenue": "47864742000",
            "costOfRevenue": "46633528000",
            "costofGoodsAndServicesSold": "46633528000",
            "operatingIncome": "263437000",
            "sellingGeneralAndAdministrative": "685953000",
            "researchAndDevelopment": "None",
            "operatingExpenses": "823466000",
            "investmentIncomeNet": "None",
            "netInterestIncome": "-31007000",
            "interestIncome": "10595000",
            "interestExpense": "41602000",
            "nonInterestIncome": "None",
            "otherNonOperatingIncome": "-2842000",
            "depreciation": "71846000",
            "depreciationAndAmortization": "104515000",
            "incomeBeforeTax": "230660000",
            "incomeTaxExpense": "43020000",
            "interestAndDebtExpense": "None",
            "netIncomeFromContinuingOperations": "186568000",
            "comprehensiveIncomeNetOfTax": "211874000",
            "ebit": "263437000",
            "ebitda": "367952000",
            "netIncome": "187640000"
        },
        {
            "fiscalDateEnding": "2019-09-30",
            "reportedCurrency": "USD",
            "grossProfit": "1184737000",
            "totalRevenue": "45637802000",
            "costOfRevenue": "44453065000",
            "costofGoodsAndServicesSold": "44453065000",
            "operatingIncome": "179841000",
            "sellingGeneralAndAdministrative": "721944000",
            "researchAndDevelopment": "None",
            "operatingExpenses": "-3100000",
            "investmentIncomeNet": "None",
            "netInterestIncome": "-36403000",
            "interestIncome": "36403000",
            "interestExpense": "47646000",
            "nonInterestIncome": "0",
            "otherNonOperatingIncome": "None",
            "depreciation": "74812000",
            "depreciationAndAmortization": "108545000",
            "incomeBeforeTax": "144963000",
            "incomeTaxExpense": "12344000",
            "interestAndDebtExpense": "7100000",
            "netIncomeFromContinuingOperations": "-2759000",
            "comprehensiveIncomeNetOfTax": "107537000",
            "ebit": "179841000",
            "ebitda": "288386000",
            "netIncome": "132619000"
        },
        {
            "fiscalDateEnding": "2019-06-30",
            "reportedCurrency": "USD",
            "grossProfit": "1231239000",
            "totalRevenue": "45239265000",
            "costOfRevenue": "44008026000",
            "costofGoodsAndServicesSold": "44008026000",
            "operatingIncome": "406694000",
            "sellingGeneralAndAdministrative": "656943000",
            "researchAndDevelopment": "None",
            "operatingExpenses": "821045000",
            "investmentIncomeNet": "None",
            "netInterestIncome": "-35921000",
            "interestIncome": "12789000",
            "interestExpense": "48710000",
            "nonInterestIncome": "0",
            "otherNonOperatingIncome": "342000",
            "depreciation": "74501000",
            "depreciationAndAmortization": "107596000",
            "incomeBeforeTax": "371072000",
            "incomeTaxExpense": "69113000",
            "interestAndDebtExpense": "0",
            "netIncomeFromContinuingOperations": "302002000",
            "comprehensiveIncomeNetOfTax": "300218000",
            "ebit": "406694000",
            "ebitda": "514290000",
            "netIncome": "301959000"
        },
        {
            "fiscalDateEnding": "2019-03-31",
            "reportedCurrency": "USD",
            "grossProfit": "1424756000",
            "totalRevenue": "43319602000",
            "costOfRevenue": "41894846000",
            "costofGoodsAndServicesSold": "41894846000",
            "operatingIncome": "47565000",
            "sellingGeneralAndAdministrative": "628036000",
            "researchAndDevelopment": "None",
            "operatingExpenses": "1325191000",
            "investmentIncomeNet": "None",
            "netInterestIncome": "-43275000",
            "interestIncome": "29575000",
            "interestExpense": "49882000",
            "nonInterestIncome": "0",
            "otherNonOperatingIncome": "14494000",
            "depreciation": "85793000",
            "depreciationAndAmortization": "123766000",
            "incomeBeforeTax": "17846000",
            "incomeTaxExpense": "-9289000",
            "interestAndDebtExpense": "0",
            "netIncomeFromContinuingOperations": "28073000",
            "comprehensiveIncomeNetOfTax": "34876000",
            "ebit": "47565000",
            "ebitda": "171331000",
            "netIncome": "27135000"
        },
        {
            "fiscalDateEnding": "2018-12-31",
            "reportedCurrency": "USD",
            "grossProfit": "1297580000",
            "totalRevenue": "45392452000",
            "costOfRevenue": "44094872000",
            "costofGoodsAndServicesSold": "44094872000",
            "operatingIncome": "477823000",
            "sellingGeneralAndAdministrative": "656585000",
            "researchAndDevelopment": "None",
            "operatingExpenses": "740464000",
            "investmentIncomeNet": "None",
            "netInterestIncome": "None",
            "interestIncome": "None",
            "interestExpense": "49236000",
            "nonInterestIncome": "0",
            "otherNonOperatingIncome": "-3097000",
            "depreciation": "85996000",
            "depreciationAndAmortization": "122500000",
            "incomeBeforeTax": "356652000",
            "incomeTaxExpense": "-37000000",
            "interestAndDebtExpense": "0",
            "netIncomeFromContinuingOperations": "391753000",
            "comprehensiveIncomeNetOfTax": "380022000",
            "ebit": "477823000",
            "ebitda": "600323000",
            "netIncome": "393652000"
        },
        {
            "fiscalDateEnding": "2018-09-30",
            "reportedCurrency": "USD",
            "grossProfit": "1032641000",
            "totalRevenue": "43297136000",
            "costOfRevenue": "42264495000",
            "costofGoodsAndServicesSold": "42264495000",
            "operatingIncome": "154097000",
            "sellingGeneralAndAdministrative": "657805000",
            "researchAndDevelopment": "None",
            "operatingExpenses": "59684000",
            "investmentIncomeNet": "None",
            "netInterestIncome": "None",
            "interestIncome": "None",
            "interestExpense": "49428000",
            "nonInterestIncome": "0",
            "otherNonOperatingIncome": "820000",
            "depreciation": "84975000",
            "depreciationAndAmortization": "120558000",
            "incomeBeforeTax": "151154000",
            "incomeTaxExpense": "-82134000",
            "interestAndDebtExpense": "7700000",
            "netIncomeFromContinuingOperations": "154097000",
            "comprehensiveIncomeNetOfTax": "236055000",
            "ebit": "154097000",
            "ebitda": "274655000",
            "netIncome": "233288000"
        },
        {
            "fiscalDateEnding": "2018-06-30",
            "reportedCurrency": "USD",
            "grossProfit": "1211341000",
            "totalRevenue": "43142309000",
            "costOfRevenue": "41930968000",
            "costofGoodsAndServicesSold": "41930968000",
            "operatingIncome": "389195000",
            "sellingGeneralAndAdministrative": "626548000",
            "researchAndDevelopment": "None",
            "operatingExpenses": "786546000",
            "investmentIncomeNet": "None",
            "netInterestIncome": "None",
            "interestIncome": "None",
            "interestExpense": "52845000",
            "nonInterestIncome": "0",
            "otherNonOperatingIncome": "3158000",
            "depreciation": "91321000",
            "depreciationAndAmortization": "120045000",
            "incomeBeforeTax": "343136000",
            "incomeTaxExpense": "67327000",
            "interestAndDebtExpense": "0",
            "netIncomeFromContinuingOperations": "277875000",
            "comprehensiveIncomeNetOfTax": "237295000",
            "ebit": "389195000",
            "ebitda": "509240000",
            "netIncome": "275809000"
        },
        {
            "fiscalDateEnding": "2018-03-31",
            "reportedCurrency": "USD",
            "grossProfit": "1255683000",
            "totalRevenue": "41033858000",
            "costOfRevenue": "39778175000",
            "costofGoodsAndServicesSold": "39778175000",
            "operatingIncome": "481420000",
            "sellingGeneralAndAdministrative": "617426000",
            "researchAndDevelopment": "None",
            "operatingExpenses": "792220000",
            "investmentIncomeNet": "None",
            "netInterestIncome": "None",
            "interestIncome": "None",
            "interestExpense": "49984000",
            "nonInterestIncome": "0",
            "otherNonOperatingIncome": "-29123000",
            "depreciation": "72711000",
            "depreciationAndAmortization": "119388000",
            "incomeBeforeTax": "366627000",
            "incomeTaxExpense": "79172000",
            "interestAndDebtExpense": "0",
            "netIncomeFromContinuingOperations": "282160000",
            "comprehensiveIncomeNetOfTax": "340287000",
            "ebit": "481420000",
            "ebitda": "600808000",
            "netIncome": "287455000"
        }
    ]
}