{
    "symbol": "ADI",
    "annualReports": [
        {
            "fiscalDateEnding": "2022-10-29",
            "reportedCurrency": "USD",
            "grossProfit": "7532474000",
            "totalRevenue": "11813545000",
            "costOfRevenue": "8036363000",
            "costofGoodsAndServicesSold": "4481479000",
            "operatingIncome": "3278700000",
            "sellingGeneralAndAdministrative": "1266175000",
            "researchAndDevelopment": "1700518000",
            "operatingExpenses": "4253774000",
            "investmentIncomeNet": "6906000",
            "netInterestIncome": "-200408000",
            "interestIncome": "6906000",
            "interestExpense": "200408000",
            "nonInterestIncome": "12013953000",
            "otherNonOperatingIncome": "13551000",
            "depreciation": "283338000",
            "depreciationAndAmortization": "2014200000",
            "incomeBeforeTax": "3098749000",
            "incomeTaxExpense": "350188000",
            "interestAndDebtExpense": "200408000",
            "netIncomeFromContinuingOperations": "2748561000",
            "comprehensiveIncomeNetOfTax": "2736974000",
            "ebit": "3299157000",
            "ebitda": "5313357000",
            "netIncome": "2748561000"
        },
        {
            "fiscalDateEnding": "2021-10-30",
            "reportedCurrency": "USD",
            "grossProfit": "4525012000",
            "totalRevenue": "6931868000",
            "costOfRevenue": "4636507000",
            "costofGoodsAndServicesSold": "2793274000",
            "operatingIncome": "1692201000",
            "sellingGeneralAndAdministrative": "915418000",
            "researchAndDevelopment": "1296126000",
            "operatingExpenses": "2832811000",
            "investmentIncomeNet": "1220000",
            "netInterestIncome": "-184825000",
            "interestIncome": "1220000",
            "interestExpense": "184825000",
            "nonInterestIncome": "7116693000",
            "otherNonOperatingIncome": "35268000",
            "depreciation": "231275000",
            "depreciationAndAmortization": "843359000",
            "incomeBeforeTax": "1328714000",
            "incomeTaxExpense": "-61708000",
            "interestAndDebtExpense": "399975000",
            "netIncomeFromContinuingOperations": "1390422000",
            "comprehensiveIncomeNetOfTax": "1453318000",
            "ebit": "1513539000",
            "ebitda": "2356898000",
            "netIncome": "1390422000"
        },
        {
            "fiscalDateEnding": "2020-10-31",
            "reportedCurrency": "USD",
            "grossProfit": "3690478000",
            "totalRevenue": "5409751000",
            "costOfRevenue": "3201986000",
            "costofGoodsAndServicesSold": "1912578000",
            "operatingIncome": "1498244000",
            "sellingGeneralAndAdministrative": "659923000",
            "researchAndDevelopment": "1050519000",
            "operatingExpenses": "2192234000",
            "investmentIncomeNet": "4305000",
            "netInterestIncome": "-193305000",
            "interestIncome": "4305000",
            "interestExpense": "193305000",
            "nonInterestIncome": "5603056000",
            "otherNonOperatingIncome": "2373000",
            "depreciation": "233775000",
            "depreciationAndAmortization": "577148000",
            "incomeBeforeTax": "1311617000",
            "incomeTaxExpense": "90856000",
            "interestAndDebtExpense": "193305000",
            "netIncomeFromContinuingOperations": "1220761000",
            "comprehensiveIncomeNetOfTax": "1161478000",
            "ebit": "1504922000",
            "ebitda": "2082070000",
            "netIncome": "1220761000"
        },
        {
            "fiscalDateEnding": "2019-11-02",
            "reportedCurrency": "USD",
            "grossProfit": "4013750000",
            "totalRevenue": "5761990000",
            "costOfRevenue": "3291642000",
            "costofGoodsAndServicesSold": "1977315000",
            "operatingIncome": "1710608000",
            "sellingGeneralAndAdministrative": "648094000",
            "researchAndDevelopment": "1130348000",
            "operatingExpenses": "2303142000",
            "investmentIncomeNet": "10229000",
            "netInterestIncome": "-229075000",
            "interestIncome": "10229000",
            "interestExpense": "229075000",
            "nonInterestIncome": "5991065000",
            "otherNonOperatingIncome": "-6034000",
            "depreciation": "240677000",
            "depreciationAndAmortization": "570574000",
            "incomeBeforeTax": "1485728000",
            "incomeTaxExpense": "122717000",
            "interestAndDebtExpense": "229075000",
            "netIncomeFromContinuingOperations": "1363011000",
            "comprehensiveIncomeNetOfTax": "1233652000",
            "ebit": "1714803000",
            "ebitda": "2285377000",
            "netIncome": "1363011000"
        },
        {
            "fiscalDateEnding": "2018-11-03",
            "reportedCurrency": "USD",
            "grossProfit": "4250396000",
            "totalRevenue": "6200942000",
            "costOfRevenue": "1950546000",
            "costofGoodsAndServicesSold": "1974293000",
            "operatingIncome": "1899589000",
            "sellingGeneralAndAdministrative": "695540000",
            "researchAndDevelopment": "1165047000",
            "operatingExpenses": "2350807000",
            "investmentIncomeNet": "9383000",
            "netInterestIncome": "-253589000",
            "interestIncome": "9383000",
            "interestExpense": "253589000",
            "nonInterestIncome": "6224689000",
            "otherNonOperatingIncome": "-69000",
            "depreciation": "228525000",
            "depreciationAndAmortization": "570538000",
            "incomeBeforeTax": "1655314000",
            "incomeTaxExpense": "148334000",
            "interestAndDebtExpense": "253589000",
            "netIncomeFromContinuingOperations": "1506980000",
            "comprehensiveIncomeNetOfTax": "1509899000",
            "ebit": "1908903000",
            "ebitda": "2479441000",
            "netIncome": "1506980000"
        }
    ],
    "quarterlyReports": [
        {
            "fiscalDateEnding": "2023-01-28",
            "reportedCurrency": "USD",
            "grossProfit": "2124341000",
            "totalRevenue": "3189177000",
            "costOfRevenue": "1953750000",
            "costofGoodsAndServicesSold": "1125289000",
            "operatingIncome": "1130820000",
            "sellingGeneralAndAdministrative": "326284000",
            "researchAndDevelopment": "414095000",
            "operatingExpenses": "993521000",
            "investmentIncomeNet": "10829000",
            "netInterestIncome": "-60453000",
            "interestIncome": "10829000",
            "interestExpense": "60453000",
            "nonInterestIncome": "3249630000",
            "otherNonOperatingIncome": "-7723000",
            "depreciation": "85321000",
            "depreciationAndAmortization": "502177000",
            "incomeBeforeTax": "1073473000",
            "incomeTaxExpense": "111999000",
            "interestAndDebtExpense": "60453000",
            "netIncomeFromContinuingOperations": "961474000",
            "comprehensiveIncomeNetOfTax": "989892000",
            "ebit": "1133926000",
            "ebitda": "1636103000",
            "netIncome": "961474000"
        },
        {
            "fiscalDateEnding": "2022-10-29",
            "reportedCurrency": "USD",
            "grossProfit": "2142815000",
            "totalRevenue": "3195657000",
            "costOfRevenue": "1973317000",
            "costofGoodsAndServicesSold": "1104901000",
            "operatingIncome": "1102476000",
            "sellingGeneralAndAdministrative": "336560000",
            "researchAndDevelopment": "421008000",
            "operatingExpenses": "1040339000",
            "investmentIncomeNet": "4328000",
            "netInterestIncome": "-47707000",
            "interestIncome": "4328000",
            "interestExpense": "47707000",
            "nonInterestIncome": "3243364000",
            "otherNonOperatingIncome": "-11085000",
            "depreciation": "70703000",
            "depreciationAndAmortization": "501950000",
            "incomeBeforeTax": "1048012000",
            "incomeTaxExpense": "111786000",
            "interestAndDebtExpense": "47707000",
            "netIncomeFromContinuingOperations": "936226000",
            "comprehensiveIncomeNetOfTax": "950708000",
            "ebit": "1095719000",
            "ebitda": "1597669000",
            "netIncome": "936226000"
        },
        {
            "fiscalDateEnding": "2022-07-30",
            "reportedCurrency": "USD",
            "grossProfit": "2043142000",
            "totalRevenue": "3058691000",
            "costOfRevenue": "1531881000",
            "costofGoodsAndServicesSold": "1066738000",
            "operatingIncome": "893306000",
            "sellingGeneralAndAdministrative": "326942000",
            "researchAndDevelopment": "431829000",
            "operatingExpenses": "1149836000",
            "investmentIncomeNet": "1797000",
            "netInterestIncome": "-51189000",
            "interestIncome": "1797000",
            "interestExpense": "51189000",
            "nonInterestIncome": "3109880000",
            "otherNonOperatingIncome": "4023000",
            "depreciation": "75619000",
            "depreciationAndAmortization": "503350000",
            "incomeBeforeTax": "847937000",
            "incomeTaxExpense": "98952000",
            "interestAndDebtExpense": "51189000",
            "netIncomeFromContinuingOperations": "748985000",
            "comprehensiveIncomeNetOfTax": "743966000",
            "ebit": "899126000",
            "ebitda": "1402476000",
            "netIncome": "748985000"
        },
        {
            "fiscalDateEnding": "2022-04-30",
            "reportedCurrency": "USD",
            "grossProfit": "1944520000",
            "totalRevenue": "2922516000",
            "costOfRevenue": "1379526000",
            "costofGoodsAndServicesSold": "1027544000",
            "operatingIncome": "918161000",
            "sellingGeneralAndAdministrative": "305308000",
            "researchAndDevelopment": "420901000",
            "operatingExpenses": "1026359000",
            "investmentIncomeNet": "563000",
            "netInterestIncome": "-49548000",
            "interestIncome": "563000",
            "interestExpense": "49548000",
            "nonInterestIncome": "2972064000",
            "otherNonOperatingIncome": "10069000",
            "depreciation": "71851000",
            "depreciationAndAmortization": "504255000",
            "incomeBeforeTax": "879245000",
            "incomeTaxExpense": "95972000",
            "interestAndDebtExpense": "49548000",
            "netIncomeFromContinuingOperations": "783273000",
            "comprehensiveIncomeNetOfTax": "764276000",
            "ebit": "928793000",
            "ebitda": "1433048000",
            "netIncome": "783273000"
        },
        {
            "fiscalDateEnding": "2022-01-29",
            "reportedCurrency": "USD",
            "grossProfit": "1401997000",
            "totalRevenue": "2632329000",
            "costOfRevenue": "2144034000",
            "costofGoodsAndServicesSold": "1282296000",
            "operatingIncome": "364757000",
            "sellingGeneralAndAdministrative": "297365000",
            "researchAndDevelopment": "426780000",
            "operatingExpenses": "1037240000",
            "investmentIncomeNet": "218000",
            "netInterestIncome": "-51964000",
            "interestIncome": "218000",
            "interestExpense": "51964000",
            "nonInterestIncome": "2684293000",
            "otherNonOperatingIncome": "10544000",
            "depreciation": "65165000",
            "depreciationAndAmortization": "504645000",
            "incomeBeforeTax": "323555000",
            "incomeTaxExpense": "43478000",
            "interestAndDebtExpense": "51964000",
            "netIncomeFromContinuingOperations": "280077000",
            "comprehensiveIncomeNetOfTax": "278024000",
            "ebit": "375519000",
            "ebitda": "880164000",
            "netIncome": "280077000"
        },
        {
            "fiscalDateEnding": "2021-10-30",
            "reportedCurrency": "USD",
            "grossProfit": "1121820000",
            "totalRevenue": "2069797000",
            "costOfRevenue": "3060981000",
            "costofGoodsAndServicesSold": "1217748000",
            "operatingIncome": "99005000",
            "sellingGeneralAndAdministrative": "317455000",
            "researchAndDevelopment": "399121000",
            "operatingExpenses": "1022815000",
            "investmentIncomeNet": "421000",
            "netInterestIncome": "-54621000",
            "interestIncome": "421000",
            "interestExpense": "54621000",
            "nonInterestIncome": "2124418000",
            "otherNonOperatingIncome": "14178000",
            "depreciation": "72338000",
            "depreciationAndAmortization": "406625000",
            "incomeBeforeTax": "-156167000",
            "incomeTaxExpense": "-231854000",
            "interestAndDebtExpense": "269771000",
            "netIncomeFromContinuingOperations": "75687000",
            "comprehensiveIncomeNetOfTax": "114065000",
            "ebit": "-101546000",
            "ebitda": "305079000",
            "netIncome": "75687000"
        },
        {
            "fiscalDateEnding": "2021-07-31",
            "reportedCurrency": "USD",
            "grossProfit": "1221184000",
            "totalRevenue": "1758853000",
            "costOfRevenue": "537669000",
            "costofGoodsAndServicesSold": "537669000",
            "operatingIncome": "609646000",
            "sellingGeneralAndAdministrative": "206076000",
            "researchAndDevelopment": "306617000",
            "operatingExpenses": "611538000",
            "investmentIncomeNet": "300000",
            "netInterestIncome": "-44659000",
            "interestIncome": "300000",
            "interestExpense": "44659000",
            "nonInterestIncome": "1758853000",
            "otherNonOperatingIncome": "6991000",
            "depreciation": "50162000",
            "depreciationAndAmortization": "145989000",
            "incomeBeforeTax": "572278000",
            "incomeTaxExpense": "68967000",
            "interestAndDebtExpense": "44659000",
            "netIncomeFromContinuingOperations": "503311000",
            "comprehensiveIncomeNetOfTax": "461283000",
            "ebit": "616937000",
            "ebitda": "762926000",
            "netIncome": "503311000"
        },
        {
            "fiscalDateEnding": "2021-05-01",
            "reportedCurrency": "USD",
            "grossProfit": "1136637000",
            "totalRevenue": "1661407000",
            "costOfRevenue": "524770000",
            "costofGoodsAndServicesSold": "524770000",
            "operatingIncome": "519690000",
            "sellingGeneralAndAdministrative": "206612000",
            "researchAndDevelopment": "302238000",
            "operatingExpenses": "616947000",
            "investmentIncomeNet": "290000",
            "netInterestIncome": "-43066000",
            "interestIncome": "290000",
            "interestExpense": "43066000",
            "nonInterestIncome": "1661407000",
            "otherNonOperatingIncome": "-929000",
            "depreciation": "52466000",
            "depreciationAndAmortization": "145701000",
            "incomeBeforeTax": "475985000",
            "incomeTaxExpense": "53080000",
            "interestAndDebtExpense": "43066000",
            "netIncomeFromContinuingOperations": "422905000",
            "comprehensiveIncomeNetOfTax": "458491000",
            "ebit": "519051000",
            "ebitda": "664752000",
            "netIncome": "422905000"
        },
        {
            "fiscalDateEnding": "2021-01-30",
            "reportedCurrency": "USD",
            "grossProfit": "1045371000",
            "totalRevenue": "1558458000",
            "costOfRevenue": "513087000",
            "costofGoodsAndServicesSold": "513087000",
            "operatingIncome": "463860000",
            "sellingGeneralAndAdministrative": "185275000",
            "researchAndDevelopment": "288150000",
            "operatingExpenses": "581511000",
            "investmentIncomeNet": "209000",
            "netInterestIncome": "-42479000",
            "interestIncome": "209000",
            "interestExpense": "42479000",
            "nonInterestIncome": "1558458000",
            "otherNonOperatingIncome": "15028000",
            "depreciation": "56309000",
            "depreciationAndAmortization": "145044000",
            "incomeBeforeTax": "436618000",
            "incomeTaxExpense": "48099000",
            "interestAndDebtExpense": "42479000",
            "netIncomeFromContinuingOperations": "388519000",
            "comprehensiveIncomeNetOfTax": "419479000",
            "ebit": "479097000",
            "ebitda": "624141000",
            "netIncome": "388519000"
        },
        {
            "fiscalDateEnding": "2020-10-31",
            "reportedCurrency": "USD",
            "grossProfit": "1023084000",
            "totalRevenue": "1477702000",
            "costOfRevenue": "1792619000",
            "costofGoodsAndServicesSold": "503211000",
            "operatingIncome": "461672000",
            "sellingGeneralAndAdministrative": "165115000",
            "researchAndDevelopment": "280239000",
            "operatingExpenses": "561412000",
            "investmentIncomeNet": "527000",
            "netInterestIncome": "-48593000",
            "interestIncome": "527000",
            "interestExpense": "48593000",
            "nonInterestIncome": "1526295000",
            "otherNonOperatingIncome": "3704000",
            "depreciation": "57053000",
            "depreciationAndAmortization": "145163000",
            "incomeBeforeTax": "417310000",
            "incomeTaxExpense": "30784000",
            "interestAndDebtExpense": "48593000",
            "netIncomeFromContinuingOperations": "386526000",
            "comprehensiveIncomeNetOfTax": "409994000",
            "ebit": "465903000",
            "ebitda": "611066000",
            "netIncome": "386526000"
        },
        {
            "fiscalDateEnding": "2020-08-01",
            "reportedCurrency": "USD",
            "grossProfit": "972578000",
            "totalRevenue": "1456136000",
            "costOfRevenue": "483558000",
            "costofGoodsAndServicesSold": "483558000",
            "operatingIncome": "419124000",
            "sellingGeneralAndAdministrative": "153753000",
            "researchAndDevelopment": "260794000",
            "operatingExpenses": "553454000",
            "investmentIncomeNet": "504000",
            "netInterestIncome": "-45914000",
            "interestIncome": "504000",
            "interestExpense": "45914000",
            "nonInterestIncome": "1456136000",
            "otherNonOperatingIncome": "-685000",
            "depreciation": "57598000",
            "depreciationAndAmortization": "143865000",
            "incomeBeforeTax": "373029000",
            "incomeTaxExpense": "10364000",
            "interestAndDebtExpense": "45914000",
            "netIncomeFromContinuingOperations": "362665000",
            "comprehensiveIncomeNetOfTax": "366738000",
            "ebit": "418943000",
            "ebitda": "562808000",
            "netIncome": "362665000"
        },
        {
            "fiscalDateEnding": "2020-05-02",
            "reportedCurrency": "USD",
            "grossProfit": "846674000",
            "totalRevenue": "1317060000",
            "costOfRevenue": "470386000",
            "costofGoodsAndServicesSold": "470386000",
            "operatingIncome": "344020000",
            "sellingGeneralAndAdministrative": "141775000",
            "researchAndDevelopment": "252413000",
            "operatingExpenses": "502654000",
            "investmentIncomeNet": "1334000",
            "netInterestIncome": "-49985000",
            "interestIncome": "1334000",
            "interestExpense": "49985000",
            "nonInterestIncome": "1317060000",
            "otherNonOperatingIncome": "-308000",
            "depreciation": "59261000",
            "depreciationAndAmortization": "144051000",
            "incomeBeforeTax": "295061000",
            "incomeTaxExpense": "27365000",
            "interestAndDebtExpense": "49985000",
            "netIncomeFromContinuingOperations": "267696000",
            "comprehensiveIncomeNetOfTax": "192841000",
            "ebit": "345046000",
            "ebitda": "489097000",
            "netIncome": "267696000"
        },
        {
            "fiscalDateEnding": "2020-02-01",
            "reportedCurrency": "USD",
            "grossProfit": "848142000",
            "totalRevenue": "1303565000",
            "costOfRevenue": "455423000",
            "costofGoodsAndServicesSold": "455423000",
            "operatingIncome": "273428000",
            "sellingGeneralAndAdministrative": "199280000",
            "researchAndDevelopment": "257073000",
            "operatingExpenses": "574714000",
            "investmentIncomeNet": "1940000",
            "netInterestIncome": "-48813000",
            "interestIncome": "1940000",
            "interestExpense": "48813000",
            "nonInterestIncome": "1303565000",
            "otherNonOperatingIncome": "-338000",
            "depreciation": "59863000",
            "depreciationAndAmortization": "144069000",
            "incomeBeforeTax": "226217000",
            "incomeTaxExpense": "22343000",
            "interestAndDebtExpense": "48813000",
            "netIncomeFromContinuingOperations": "203874000",
            "comprehensiveIncomeNetOfTax": "191905000",
            "ebit": "275030000",
            "ebitda": "419099000",
            "netIncome": "203874000"
        },
        {
            "fiscalDateEnding": "2019-11-02",
            "reportedCurrency": "USD",
            "grossProfit": "942191000",
            "totalRevenue": "1392444000",
            "costOfRevenue": "1815355000",
            "costofGoodsAndServicesSold": "501028000",
            "operatingIncome": "338361000",
            "sellingGeneralAndAdministrative": "154799000",
            "researchAndDevelopment": "277018000",
            "operatingExpenses": "603830000",
            "investmentIncomeNet": "1988000",
            "netInterestIncome": "-50775000",
            "interestIncome": "1988000",
            "interestExpense": "50775000",
            "nonInterestIncome": "1443219000",
            "otherNonOperatingIncome": "-1747000",
            "depreciation": "61636000",
            "depreciationAndAmortization": "143528000",
            "incomeBeforeTax": "287827000",
            "incomeTaxExpense": "10133000",
            "interestAndDebtExpense": "50775000",
            "netIncomeFromContinuingOperations": "277694000",
            "comprehensiveIncomeNetOfTax": "243568000",
            "ebit": "338602000",
            "ebitda": "482130000",
            "netIncome": "277694000"
        },
        {
            "fiscalDateEnding": "2019-08-03",
            "reportedCurrency": "USD",
            "grossProfit": "997811000",
            "totalRevenue": "1480143000",
            "costOfRevenue": "482332000",
            "costofGoodsAndServicesSold": "482332000",
            "operatingIncome": "446726000",
            "sellingGeneralAndAdministrative": "162825000",
            "researchAndDevelopment": "280102000",
            "operatingExpenses": "551085000",
            "investmentIncomeNet": "2625000",
            "netInterestIncome": "-59871000",
            "interestIncome": "2625000",
            "interestExpense": "59871000",
            "nonInterestIncome": "1480143000",
            "otherNonOperatingIncome": "78000",
            "depreciation": "61606000",
            "depreciationAndAmortization": "142521000",
            "incomeBeforeTax": "389558000",
            "incomeTaxExpense": "27184000",
            "interestAndDebtExpense": "59871000",
            "netIncomeFromContinuingOperations": "362374000",
            "comprehensiveIncomeNetOfTax": "304722000",
            "ebit": "449429000",
            "ebitda": "591950000",
            "netIncome": "362374000"
        },
        {
            "fiscalDateEnding": "2019-05-04",
            "reportedCurrency": "USD",
            "grossProfit": "1034092000",
            "totalRevenue": "1526602000",
            "costOfRevenue": "492510000",
            "costofGoodsAndServicesSold": "492510000",
            "operatingIncome": "469695000",
            "sellingGeneralAndAdministrative": "163128000",
            "researchAndDevelopment": "285846000",
            "operatingExpenses": "564397000",
            "investmentIncomeNet": "2928000",
            "netInterestIncome": "-59701000",
            "interestIncome": "2928000",
            "interestExpense": "59701000",
            "nonInterestIncome": "1526602000",
            "otherNonOperatingIncome": "-4525000",
            "depreciation": "59142000",
            "depreciationAndAmortization": "142233000",
            "incomeBeforeTax": "408397000",
            "incomeTaxExpense": "40460000",
            "interestAndDebtExpense": "59701000",
            "netIncomeFromContinuingOperations": "367937000",
            "comprehensiveIncomeNetOfTax": "349937000",
            "ebit": "468098000",
            "ebitda": "610331000",
            "netIncome": "367937000"
        },
        {
            "fiscalDateEnding": "2019-02-02",
            "reportedCurrency": "USD",
            "grossProfit": "1039656000",
            "totalRevenue": "1541101000",
            "costOfRevenue": "501445000",
            "costofGoodsAndServicesSold": "501445000",
            "operatingIncome": "455826000",
            "sellingGeneralAndAdministrative": "167342000",
            "researchAndDevelopment": "287382000",
            "operatingExpenses": "583830000",
            "investmentIncomeNet": "2688000",
            "netInterestIncome": "-58728000",
            "interestIncome": "None",
            "interestExpense": "58728000",
            "nonInterestIncome": "1541101000",
            "otherNonOperatingIncome": "160000",
            "depreciation": "58293000",
            "depreciationAndAmortization": "142292000",
            "incomeBeforeTax": "399946000",
            "incomeTaxExpense": "44940000",
            "interestAndDebtExpense": "58728000",
            "netIncomeFromContinuingOperations": "355006000",
            "comprehensiveIncomeNetOfTax": "335425000",
            "ebit": "458674000",
            "ebitda": "600966000",
            "netIncome": "355006000"
        },
        {
            "fiscalDateEnding": "2018-11-03",
            "reportedCurrency": "USD",
            "grossProfit": "1045543000",
            "totalRevenue": "1596586000",
            "costOfRevenue": "551043000",
            "costofGoodsAndServicesSold": "490585000",
            "operatingIncome": "465451000",
            "sellingGeneralAndAdministrative": "175296000",
            "researchAndDevelopment": "295609000",
            "operatingExpenses": "580092000",
            "investmentIncomeNet": "2791000",
            "netInterestIncome": "-59102000",
            "interestIncome": "None",
            "interestExpense": "59102000",
            "nonInterestIncome": "1536128000",
            "otherNonOperatingIncome": "196000",
            "depreciation": "58874000",
            "depreciationAndAmortization": "142316000",
            "incomeBeforeTax": "409336000",
            "incomeTaxExpense": "4481000",
            "interestAndDebtExpense": "59102000",
            "netIncomeFromContinuingOperations": "404855000",
            "comprehensiveIncomeNetOfTax": "411881000",
            "ebit": "468438000",
            "ebitda": "610754000",
            "netIncome": "404855000"
        },
        {
            "fiscalDateEnding": "2018-08-04",
            "reportedCurrency": "USD",
            "grossProfit": "1060632000",
            "totalRevenue": "1572679000",
            "costOfRevenue": "497631000",
            "costofGoodsAndServicesSold": "497557000",
            "operatingIncome": "489215000",
            "sellingGeneralAndAdministrative": "171388000",
            "researchAndDevelopment": "291551000",
            "operatingExpenses": "571417000",
            "investmentIncomeNet": "2588000",
            "netInterestIncome": "-61665000",
            "interestIncome": "None",
            "interestExpense": "61665000",
            "nonInterestIncome": "1558189000",
            "otherNonOperatingIncome": "368000",
            "depreciation": "56647000",
            "depreciationAndAmortization": "143218000",
            "incomeBeforeTax": "430506000",
            "incomeTaxExpense": "21949000",
            "interestAndDebtExpense": "61665000",
            "netIncomeFromContinuingOperations": "414464000",
            "comprehensiveIncomeNetOfTax": "396102000",
            "ebit": "492171000",
            "ebitda": "635389000",
            "netIncome": "408557000"
        },
        {
            "fiscalDateEnding": "2018-05-05",
            "reportedCurrency": "USD",
            "grossProfit": "1072464000",
            "totalRevenue": "1513053000",
            "costOfRevenue": "491112000",
            "costofGoodsAndServicesSold": "491038000",
            "operatingIncome": "502818000",
            "sellingGeneralAndAdministrative": "172047000",
            "researchAndDevelopment": "289381000",
            "operatingExpenses": "569646000",
            "investmentIncomeNet": "1912000",
            "netInterestIncome": "-64792000",
            "interestIncome": "None",
            "interestExpense": "64792000",
            "nonInterestIncome": "1563502000",
            "otherNonOperatingIncome": "187000",
            "depreciation": "56589000",
            "depreciationAndAmortization": "142954000",
            "incomeBeforeTax": "440125000",
            "incomeTaxExpense": "39797000",
            "interestAndDebtExpense": "64792000",
            "netIncomeFromContinuingOperations": "379831000",
            "comprehensiveIncomeNetOfTax": "391674000",
            "ebit": "504917000",
            "ebitda": "647871000",
            "netIncome": "400328000"
        }
    ]
}