{
    "symbol": "ALB",
    "annualReports": [
        {
            "fiscalDateEnding": "2022-12-31",
            "reportedCurrency": "USD",
            "grossProfit": "3074587000",
            "totalRevenue": "7320104000",
            "costOfRevenue": "4245517000",
            "costofGoodsAndServicesSold": "4245517000",
            "operatingIncome": "2470061000",
            "sellingGeneralAndAdministrative": "524145000",
            "researchAndDevelopment": "71981000",
            "operatingExpenses": "650865000",
            "investmentIncomeNet": "None",
            "netInterestIncome": "-34604000",
            "interestIncome": "122973000",
            "interestExpense": "34604000",
            "nonInterestIncome": "-49419000",
            "otherNonOperatingIncome": "86356000",
            "depreciation": "273000000",
            "depreciationAndAmortization": "28084000",
            "incomeBeforeTax": "3080404000",
            "incomeTaxExpense": "390588000",
            "interestAndDebtExpense": "122973000",
            "netIncomeFromContinuingOperations": "2689816000",
            "comprehensiveIncomeNetOfTax": "2521604000",
            "ebit": "2470061000",
            "ebitda": "3143092000",
            "netIncome": "2689816000"
        },
        {
            "fiscalDateEnding": "2021-12-31",
            "reportedCurrency": "USD",
            "grossProfit": "997971000",
            "totalRevenue": "3327957000",
            "costOfRevenue": "2329986000",
            "costofGoodsAndServicesSold": "2329986000",
            "operatingIncome": "798434000",
            "sellingGeneralAndAdministrative": "441482000",
            "researchAndDevelopment": "54026000",
            "operatingExpenses": "230576000",
            "investmentIncomeNet": "None",
            "netInterestIncome": "-53010000",
            "interestIncome": "61476000",
            "interestExpense": "53010000",
            "nonInterestIncome": "267116000",
            "otherNonOperatingIncome": "-603340000",
            "depreciation": "225600000",
            "depreciationAndAmortization": "25914000",
            "incomeBeforeTax": "153118000",
            "incomeTaxExpense": "29446000",
            "interestAndDebtExpense": "61476000",
            "netIncomeFromContinuingOperations": "123672000",
            "comprehensiveIncomeNetOfTax": "57354000",
            "ebit": "798434000",
            "ebitda": "232042000",
            "netIncome": "123672000"
        },
        {
            "fiscalDateEnding": "2020-12-31",
            "reportedCurrency": "USD",
            "grossProfit": "994853000",
            "totalRevenue": "3128909000",
            "costOfRevenue": "2134056000",
            "costofGoodsAndServicesSold": "2134056000",
            "operatingIncome": "505812000",
            "sellingGeneralAndAdministrative": "429827000",
            "researchAndDevelopment": "59214000",
            "operatingExpenses": "536676000",
            "investmentIncomeNet": "None",
            "netInterestIncome": "-33081000",
            "interestIncome": "68316000",
            "interestExpense": "33081000",
            "nonInterestIncome": "-28800000",
            "otherNonOperatingIncome": "-59177000",
            "depreciation": "203600000",
            "depreciationAndAmortization": "25507000",
            "incomeBeforeTax": "430189000",
            "incomeTaxExpense": "54425000",
            "interestAndDebtExpense": "73116000",
            "netIncomeFromContinuingOperations": "375764000",
            "comprehensiveIncomeNetOfTax": "445367000",
            "ebit": "505812000",
            "ebitda": "488777000",
            "netIncome": "375764000"
        },
        {
            "fiscalDateEnding": "2019-12-31",
            "reportedCurrency": "USD",
            "grossProfit": "1257778000",
            "totalRevenue": "3589427000",
            "costOfRevenue": "2331649000",
            "costofGoodsAndServicesSold": "2331649000",
            "operatingIncome": "666123000",
            "sellingGeneralAndAdministrative": "533368000",
            "researchAndDevelopment": "58287000",
            "operatingExpenses": "627314000",
            "investmentIncomeNet": "None",
            "netInterestIncome": "-30317000",
            "interestIncome": "78660000",
            "interestExpense": "30317000",
            "nonInterestIncome": "-32229000",
            "otherNonOperatingIncome": "-45478000",
            "depreciation": "183300000",
            "depreciationAndAmortization": "27747000",
            "incomeBeforeTax": "621389000",
            "incomeTaxExpense": "88161000",
            "interestAndDebtExpense": "57695000",
            "netIncomeFromContinuingOperations": "533228000",
            "comprehensiveIncomeNetOfTax": "488175000",
            "ebit": "666123000",
            "ebitda": "679453000",
            "netIncome": "533228000"
        },
        {
            "fiscalDateEnding": "2018-12-31",
            "reportedCurrency": "USD",
            "grossProfit": "1217256000",
            "totalRevenue": "3374950000",
            "costOfRevenue": "2157694000",
            "costofGoodsAndServicesSold": "2157694000",
            "operatingIncome": "911540000",
            "sellingGeneralAndAdministrative": "446090000",
            "researchAndDevelopment": "70054000",
            "operatingExpenses": "335195000",
            "investmentIncomeNet": "None",
            "netInterestIncome": "-19300000",
            "interestIncome": "72256000",
            "interestExpense": "19300000",
            "nonInterestIncome": "199928000",
            "otherNonOperatingIncome": "-64434000",
            "depreciation": "170000000",
            "depreciationAndAmortization": "27979000",
            "incomeBeforeTax": "838388000",
            "incomeTaxExpense": "144826000",
            "interestAndDebtExpense": "52405000",
            "netIncomeFromContinuingOperations": "693562000",
            "comprehensiveIncomeNetOfTax": "568548000",
            "ebit": "911540000",
            "ebitda": "885667000",
            "netIncome": "693562000"
        }
    ],
    "quarterlyReports": [
        {
            "fiscalDateEnding": "2022-12-31",
            "reportedCurrency": "USD",
            "grossProfit": "1001319000",
            "totalRevenue": "2620978000",
            "costOfRevenue": "1619659000",
            "costofGoodsAndServicesSold": "1619659000",
            "operatingIncome": "833009000",
            "sellingGeneralAndAdministrative": "148156000",
            "researchAndDevelopment": "20154000",
            "operatingExpenses": "185602000",
            "investmentIncomeNet": "None",
            "netInterestIncome": "-32085000",
            "interestIncome": "24039000",
            "interestExpense": "32085000",
            "nonInterestIncome": "-21800000",
            "otherNonOperatingIncome": "54119000",
            "depreciation": "None",
            "depreciationAndAmortization": "8281000",
            "incomeBeforeTax": "1156547000",
            "incomeTaxExpense": "24102000",
            "interestAndDebtExpense": "24039000",
            "netIncomeFromContinuingOperations": "1036471000",
            "comprehensiveIncomeNetOfTax": "1289092000",
            "ebit": "833009000",
            "ebitda": "1196913000",
            "netIncome": "1132445000"
        },
        {
            "fiscalDateEnding": "2022-09-30",
            "reportedCurrency": "USD",
            "grossProfit": "1043814000",
            "totalRevenue": "2091805000",
            "costOfRevenue": "1047991000",
            "costofGoodsAndServicesSold": "1047991000",
            "operatingIncome": "890977000",
            "sellingGeneralAndAdministrative": "134479000",
            "researchAndDevelopment": "18358000",
            "operatingExpenses": "155934000",
            "investmentIncomeNet": "None",
            "netInterestIncome": "-826000",
            "interestIncome": "29691000",
            "interestExpense": "826000",
            "nonInterestIncome": "0",
            "otherNonOperatingIncome": "7974000",
            "depreciation": "None",
            "depreciationAndAmortization": "952000",
            "incomeBeforeTax": "1094153000",
            "incomeTaxExpense": "196938000",
            "interestAndDebtExpense": "29691000",
            "netIncomeFromContinuingOperations": "931206000",
            "comprehensiveIncomeNetOfTax": "687044000",
            "ebit": "890977000",
            "ebitda": "1095931000",
            "netIncome": "897215000"
        },
        {
            "fiscalDateEnding": "2022-06-30",
            "reportedCurrency": "USD",
            "grossProfit": "580424000",
            "totalRevenue": "1479593000",
            "costOfRevenue": "899169000",
            "costofGoodsAndServicesSold": "899169000",
            "operatingIncome": "434096000",
            "sellingGeneralAndAdministrative": "128942000",
            "researchAndDevelopment": "17386000",
            "operatingExpenses": "152675000",
            "investmentIncomeNet": "None",
            "netInterestIncome": "-840000",
            "interestIncome": "41409000",
            "interestExpense": "840000",
            "nonInterestIncome": "0",
            "otherNonOperatingIncome": "8767000",
            "depreciation": "None",
            "depreciationAndAmortization": "972000",
            "incomeBeforeTax": "495791000",
            "incomeTaxExpense": "89018000",
            "interestAndDebtExpense": "41409000",
            "netIncomeFromContinuingOperations": "440592000",
            "comprehensiveIncomeNetOfTax": "293254000",
            "ebit": "434096000",
            "ebitda": "497603000",
            "netIncome": "406773000"
        },
        {
            "fiscalDateEnding": "2022-03-31",
            "reportedCurrency": "USD",
            "grossProfit": "449030000",
            "totalRevenue": "1127728000",
            "costOfRevenue": "678698000",
            "costofGoodsAndServicesSold": "678698000",
            "operatingIncome": "311979000",
            "sellingGeneralAndAdministrative": "112568000",
            "researchAndDevelopment": "16083000",
            "operatingExpenses": "145226000",
            "investmentIncomeNet": "None",
            "netInterestIncome": "-853000",
            "interestIncome": "27834000",
            "interestExpense": "853000",
            "nonInterestIncome": "-8400000",
            "otherNonOperatingIncome": "15496000",
            "depreciation": "None",
            "depreciationAndAmortization": "6451000",
            "incomeBeforeTax": "333913000",
            "incomeTaxExpense": "80530000",
            "interestAndDebtExpense": "27834000",
            "netIncomeFromContinuingOperations": "281547000",
            "comprehensiveIncomeNetOfTax": "252214000",
            "ebit": "311979000",
            "ebitda": "341217000",
            "netIncome": "253383000"
        },
        {
            "fiscalDateEnding": "2021-12-31",
            "reportedCurrency": "USD",
            "grossProfit": "236594000",
            "totalRevenue": "894204000",
            "costOfRevenue": "657610000",
            "costofGoodsAndServicesSold": "657610000",
            "operatingIncome": "-31286000",
            "sellingGeneralAndAdministrative": "123302000",
            "researchAndDevelopment": "12125000",
            "operatingExpenses": "277048000",
            "investmentIncomeNet": "None",
            "netInterestIncome": "-50781000",
            "interestIncome": "5306000",
            "interestExpense": "50781000",
            "nonInterestIncome": "-132353000",
            "otherNonOperatingIncome": "28530000",
            "depreciation": "None",
            "depreciationAndAmortization": "6337000",
            "incomeBeforeTax": "11200000",
            "incomeTaxExpense": "15024000",
            "interestAndDebtExpense": "5306000",
            "netIncomeFromContinuingOperations": "-65801000",
            "comprehensiveIncomeNetOfTax": "-29838000",
            "ebit": "-31286000",
            "ebitda": "68318000",
            "netIncome": "-3824000"
        },
        {
            "fiscalDateEnding": "2021-09-30",
            "reportedCurrency": "USD",
            "grossProfit": "249273000",
            "totalRevenue": "830566000",
            "costOfRevenue": "581293000",
            "costofGoodsAndServicesSold": "581293000",
            "operatingIncome": "131523000",
            "sellingGeneralAndAdministrative": "103477000",
            "researchAndDevelopment": "13289000",
            "operatingExpenses": "118657000",
            "investmentIncomeNet": "None",
            "netInterestIncome": "-722000",
            "interestIncome": "5136000",
            "interestExpense": "722000",
            "nonInterestIncome": "-984000",
            "otherNonOperatingIncome": "-643196000",
            "depreciation": "None",
            "depreciationAndAmortization": "153000",
            "incomeBeforeTax": "-507451000",
            "incomeTaxExpense": "-114670000",
            "interestAndDebtExpense": "5136000",
            "netIncomeFromContinuingOperations": "-374433000",
            "comprehensiveIncomeNetOfTax": "-431216000",
            "ebit": "131523000",
            "ebitda": "-506576000",
            "netIncome": "-392781000"
        },
        {
            "fiscalDateEnding": "2021-06-30",
            "reportedCurrency": "USD",
            "grossProfit": "248417000",
            "totalRevenue": "773896000",
            "costOfRevenue": "525479000",
            "costofGoodsAndServicesSold": "525479000",
            "operatingIncome": "542333000",
            "sellingGeneralAndAdministrative": "121516000",
            "researchAndDevelopment": "13976000",
            "operatingExpenses": "-292994000",
            "investmentIncomeNet": "None",
            "netInterestIncome": "-752000",
            "interestIncome": "5952000",
            "interestExpense": "752000",
            "nonInterestIncome": "429408000",
            "otherNonOperatingIncome": "14000",
            "depreciation": "None",
            "depreciationAndAmortization": "156000",
            "incomeBeforeTax": "531585000",
            "incomeTaxExpense": "106985000",
            "interestAndDebtExpense": "7152000",
            "netIncomeFromContinuingOperations": "446208000",
            "comprehensiveIncomeNetOfTax": "446713000",
            "ebit": "542333000",
            "ebitda": "532493000",
            "netIncome": "424600000"
        },
        {
            "fiscalDateEnding": "2021-03-31",
            "reportedCurrency": "USD",
            "grossProfit": "263687000",
            "totalRevenue": "829291000",
            "costOfRevenue": "565604000",
            "costofGoodsAndServicesSold": "565604000",
            "operatingIncome": "155864000",
            "sellingGeneralAndAdministrative": "93187000",
            "researchAndDevelopment": "14636000",
            "operatingExpenses": "116571000",
            "investmentIncomeNet": "None",
            "netInterestIncome": "-755000",
            "interestIncome": "16082000",
            "interestExpense": "755000",
            "nonInterestIncome": "-27798000",
            "otherNonOperatingIncome": "11312000",
            "depreciation": "None",
            "depreciationAndAmortization": "6586000",
            "incomeBeforeTax": "117784000",
            "incomeTaxExpense": "22107000",
            "interestAndDebtExpense": "43882000",
            "netIncomeFromContinuingOperations": "117698000",
            "comprehensiveIncomeNetOfTax": "71695000",
            "ebit": "155864000",
            "ebitda": "125125000",
            "netIncome": "95677000"
        },
        {
            "fiscalDateEnding": "2020-12-31",
            "reportedCurrency": "USD",
            "grossProfit": "265420000",
            "totalRevenue": "879147000",
            "costOfRevenue": "613727000",
            "costofGoodsAndServicesSold": "613727000",
            "operatingIncome": "125136000",
            "sellingGeneralAndAdministrative": "124909000",
            "researchAndDevelopment": "15375000",
            "operatingExpenses": "158092000",
            "investmentIncomeNet": "None",
            "netInterestIncome": "-31104000",
            "interestIncome": "19152000",
            "interestExpense": "31104000",
            "nonInterestIncome": "-28800000",
            "otherNonOperatingIncome": "-57557000",
            "depreciation": "None",
            "depreciationAndAmortization": "6511000",
            "incomeBeforeTax": "74534000",
            "incomeTaxExpense": "-10101000",
            "interestAndDebtExpense": "19152000",
            "netIncomeFromContinuingOperations": "31326000",
            "comprehensiveIncomeNetOfTax": "156970000",
            "ebit": "125136000",
            "ebitda": "112149000",
            "netIncome": "84635000"
        },
        {
            "fiscalDateEnding": "2020-09-30",
            "reportedCurrency": "USD",
            "grossProfit": "254056000",
            "totalRevenue": "746868000",
            "costOfRevenue": "492812000",
            "costofGoodsAndServicesSold": "492812000",
            "operatingIncome": "144432000",
            "sellingGeneralAndAdministrative": "96092000",
            "researchAndDevelopment": "13532000",
            "operatingExpenses": "112001000",
            "investmentIncomeNet": "None",
            "netInterestIncome": "-697000",
            "interestIncome": "16125000",
            "interestExpense": "697000",
            "nonInterestIncome": "0",
            "otherNonOperatingIncome": "-3661000",
            "depreciation": "None",
            "depreciationAndAmortization": "126000",
            "incomeBeforeTax": "128954000",
            "incomeTaxExpense": "30653000",
            "interestAndDebtExpense": "19227000",
            "netIncomeFromContinuingOperations": "117045000",
            "comprehensiveIncomeNetOfTax": "130965000",
            "ebit": "144432000",
            "ebitda": "129777000",
            "netIncome": "98301000"
        },
        {
            "fiscalDateEnding": "2020-06-30",
            "reportedCurrency": "USD",
            "grossProfit": "233359000",
            "totalRevenue": "764049000",
            "costOfRevenue": "530690000",
            "costofGoodsAndServicesSold": "530690000",
            "operatingIncome": "112200000",
            "sellingGeneralAndAdministrative": "106949000",
            "researchAndDevelopment": "14210000",
            "operatingExpenses": "128045000",
            "investmentIncomeNet": "None",
            "netInterestIncome": "-630000",
            "interestIncome": "20701000",
            "interestExpense": "630000",
            "nonInterestIncome": "0",
            "otherNonOperatingIncome": "-6273000",
            "depreciation": "None",
            "depreciationAndAmortization": "153000",
            "incomeBeforeTax": "101055000",
            "incomeTaxExpense": "15431000",
            "interestAndDebtExpense": "17852000",
            "netIncomeFromContinuingOperations": "103758000",
            "comprehensiveIncomeNetOfTax": "180982000",
            "ebit": "112200000",
            "ebitda": "101838000",
            "netIncome": "85624000"
        },
        {
            "fiscalDateEnding": "2020-03-31",
            "reportedCurrency": "USD",
            "grossProfit": "242018000",
            "totalRevenue": "738845000",
            "costOfRevenue": "496827000",
            "costofGoodsAndServicesSold": "496827000",
            "operatingIncome": "124044000",
            "sellingGeneralAndAdministrative": "101877000",
            "researchAndDevelopment": "16097000",
            "operatingExpenses": "126075000",
            "investmentIncomeNet": "None",
            "netInterestIncome": "-650000",
            "interestIncome": "22339000",
            "interestExpense": "650000",
            "nonInterestIncome": "0",
            "otherNonOperatingIncome": "8314000",
            "depreciation": "None",
            "depreciationAndAmortization": "6254000",
            "incomeBeforeTax": "125646000",
            "incomeTaxExpense": "18442000",
            "interestAndDebtExpense": "16885000",
            "netIncomeFromContinuingOperations": "123635000",
            "comprehensiveIncomeNetOfTax": "-23550000",
            "ebit": "124044000",
            "ebitda": "132550000",
            "netIncome": "107204000"
        },
        {
            "fiscalDateEnding": "2019-12-31",
            "reportedCurrency": "USD",
            "grossProfit": "338511000",
            "totalRevenue": "992564000",
            "costOfRevenue": "654053000",
            "costofGoodsAndServicesSold": "654053000",
            "operatingIncome": "139085000",
            "sellingGeneralAndAdministrative": "185163000",
            "researchAndDevelopment": "14263000",
            "operatingExpenses": "199717000",
            "investmentIncomeNet": "None",
            "netInterestIncome": "-30221000",
            "interestIncome": "15718000",
            "interestExpense": "30221000",
            "nonInterestIncome": "-32229000",
            "otherNonOperatingIncome": "-38388000",
            "depreciation": "None",
            "depreciationAndAmortization": "6767000",
            "incomeBeforeTax": "85286000",
            "incomeTaxExpense": "-5105000",
            "interestAndDebtExpense": "22400000",
            "netIncomeFromContinuingOperations": "35114000",
            "comprehensiveIncomeNetOfTax": "130633000",
            "ebit": "139085000",
            "ebitda": "122274000",
            "netIncome": "90391000"
        },
        {
            "fiscalDateEnding": "2019-09-30",
            "reportedCurrency": "USD",
            "grossProfit": "309867000",
            "totalRevenue": "879747000",
            "costOfRevenue": "569880000",
            "costofGoodsAndServicesSold": "569880000",
            "operatingIncome": "186147000",
            "sellingGeneralAndAdministrative": "108135000",
            "researchAndDevelopment": "15585000",
            "operatingExpenses": "127991000",
            "investmentIncomeNet": "None",
            "netInterestIncome": "-31000",
            "interestIncome": "30439000",
            "interestExpense": "31000",
            "nonInterestIncome": "0",
            "otherNonOperatingIncome": "-11316000",
            "depreciation": "None",
            "depreciationAndAmortization": "157000",
            "incomeBeforeTax": "180411000",
            "incomeTaxExpense": "25341000",
            "interestAndDebtExpense": "11108000",
            "netIncomeFromContinuingOperations": "171618000",
            "comprehensiveIncomeNetOfTax": "68504000",
            "ebit": "186147000",
            "ebitda": "180599000",
            "netIncome": "155070000"
        },
        {
            "fiscalDateEnding": "2019-06-30",
            "reportedCurrency": "USD",
            "grossProfit": "325914000",
            "totalRevenue": "885052000",
            "costOfRevenue": "559138000",
            "costofGoodsAndServicesSold": "559138000",
            "operatingIncome": "185737000",
            "sellingGeneralAndAdministrative": "126715000",
            "researchAndDevelopment": "13462000",
            "operatingExpenses": "145167000",
            "investmentIncomeNet": "None",
            "netInterestIncome": "-32000",
            "interestIncome": "9502000",
            "interestExpense": "32000",
            "nonInterestIncome": "0",
            "otherNonOperatingIncome": "-7065000",
            "depreciation": "None",
            "depreciationAndAmortization": "136000",
            "incomeBeforeTax": "184609000",
            "incomeTaxExpense": "30411000",
            "interestAndDebtExpense": "11601000",
            "netIncomeFromContinuingOperations": "174970000",
            "comprehensiveIncomeNetOfTax": "162325000",
            "ebit": "185737000",
            "ebitda": "184777000",
            "netIncome": "154198000"
        },
        {
            "fiscalDateEnding": "2019-03-31",
            "reportedCurrency": "USD",
            "grossProfit": "283486000",
            "totalRevenue": "832064000",
            "costOfRevenue": "548578000",
            "costofGoodsAndServicesSold": "548578000",
            "operatingIncome": "155154000",
            "sellingGeneralAndAdministrative": "113355000",
            "researchAndDevelopment": "14977000",
            "operatingExpenses": "135659000",
            "investmentIncomeNet": "None",
            "netInterestIncome": "-33000",
            "interestIncome": "23001000",
            "interestExpense": "33000",
            "nonInterestIncome": "0",
            "otherNonOperatingIncome": "11291000",
            "depreciation": "None",
            "depreciationAndAmortization": "6827000",
            "incomeBeforeTax": "171083000",
            "incomeTaxExpense": "37514000",
            "interestAndDebtExpense": "12586000",
            "netIncomeFromContinuingOperations": "151526000",
            "comprehensiveIncomeNetOfTax": "126713000",
            "ebit": "155154000",
            "ebitda": "177943000",
            "netIncome": "133569000"
        },
        {
            "fiscalDateEnding": "2018-12-31",
            "reportedCurrency": "USD",
            "grossProfit": "320384000",
            "totalRevenue": "921699000",
            "costOfRevenue": "601315000",
            "costofGoodsAndServicesSold": "601315000",
            "operatingIncome": "174807000",
            "sellingGeneralAndAdministrative": "120916000",
            "researchAndDevelopment": "16384000",
            "operatingExpenses": "8277000",
            "investmentIncomeNet": "None",
            "netInterestIncome": "None",
            "interestIncome": "None",
            "interestExpense": "12571000",
            "nonInterestIncome": "-8277000",
            "otherNonOperatingIncome": "-32528000",
            "depreciation": "None",
            "depreciationAndAmortization": "6733000",
            "incomeBeforeTax": "140792000",
            "incomeTaxExpense": "11196000",
            "interestAndDebtExpense": "12571000",
            "netIncomeFromContinuingOperations": "100472000",
            "comprehensiveIncomeNetOfTax": "93105000",
            "ebit": "174807000",
            "ebitda": "181540000",
            "netIncome": "129596000"
        },
        {
            "fiscalDateEnding": "2018-09-30",
            "reportedCurrency": "USD",
            "grossProfit": "280537000",
            "totalRevenue": "777748000",
            "costOfRevenue": "497211000",
            "costofGoodsAndServicesSold": "497211000",
            "operatingIncome": "163760000",
            "sellingGeneralAndAdministrative": "100167000",
            "researchAndDevelopment": "16610000",
            "operatingExpenses": "120501000",
            "investmentIncomeNet": "None",
            "netInterestIncome": "None",
            "interestIncome": "None",
            "interestExpense": "12988000",
            "nonInterestIncome": "0",
            "otherNonOperatingIncome": "3793000",
            "depreciation": "None",
            "depreciationAndAmortization": "6824000",
            "incomeBeforeTax": "162912000",
            "incomeTaxExpense": "33167000",
            "interestAndDebtExpense": "12988000",
            "netIncomeFromContinuingOperations": "143479000",
            "comprehensiveIncomeNetOfTax": "117233000",
            "ebit": "163760000",
            "ebitda": "170584000",
            "netIncome": "129745000"
        },
        {
            "fiscalDateEnding": "2018-06-30",
            "reportedCurrency": "USD",
            "grossProfit": "311356000",
            "totalRevenue": "853874000",
            "costOfRevenue": "542518000",
            "costofGoodsAndServicesSold": "542518000",
            "operatingIncome": "390350000",
            "sellingGeneralAndAdministrative": "123637000",
            "researchAndDevelopment": "16074000",
            "operatingExpenses": "-72484000",
            "investmentIncomeNet": "None",
            "netInterestIncome": "None",
            "interestIncome": "None",
            "interestExpense": "13308000",
            "nonInterestIncome": "217505000",
            "otherNonOperatingIncome": "-5223000",
            "depreciation": "None",
            "depreciationAndAmortization": "7004000",
            "incomeBeforeTax": "382563000",
            "incomeTaxExpense": "80102000",
            "interestAndDebtExpense": "13308000",
            "netIncomeFromContinuingOperations": "310686000",
            "comprehensiveIncomeNetOfTax": "175521000",
            "ebit": "390350000",
            "ebitda": "397354000",
            "netIncome": "302461000"
        },
        {
            "fiscalDateEnding": "2018-03-31",
            "reportedCurrency": "USD",
            "grossProfit": "304979000",
            "totalRevenue": "821629000",
            "costOfRevenue": "516650000",
            "costofGoodsAndServicesSold": "516650000",
            "operatingIncome": "182623000",
            "sellingGeneralAndAdministrative": "101370000",
            "researchAndDevelopment": "20986000",
            "operatingExpenses": "131975000",
            "investmentIncomeNet": "None",
            "netInterestIncome": "None",
            "interestIncome": "None",
            "interestExpense": "13538000",
            "nonInterestIncome": "3200000",
            "otherNonOperatingIncome": "-30476000",
            "depreciation": "None",
            "depreciationAndAmortization": "7418000",
            "incomeBeforeTax": "152121000",
            "incomeTaxExpense": "20361000",
            "interestAndDebtExpense": "13538000",
            "netIncomeFromContinuingOperations": "138925000",
            "comprehensiveIncomeNetOfTax": "182689000",
            "ebit": "182623000",
            "ebitda": "190041000",
            "netIncome": "131760000"
        }
    ]
}