{
    "symbol": "AMAT",
    "annualReports": [
        {
            "fiscalDateEnding": "2022-10-30",
            "reportedCurrency": "USD",
            "grossProfit": "11993000000",
            "totalRevenue": "25590000000",
            "costOfRevenue": "15670000000",
            "costofGoodsAndServicesSold": "13792000000",
            "operatingIncome": "7788000000",
            "sellingGeneralAndAdministrative": "1438000000",
            "researchAndDevelopment": "2771000000",
            "operatingExpenses": "4205000000",
            "investmentIncomeNet": "None",
            "netInterestIncome": "-228000000",
            "interestIncome": "39000000",
            "interestExpense": "228000000",
            "nonInterestIncome": "25818000000",
            "otherNonOperatingIncome": "39000000",
            "depreciation": "404000000",
            "depreciationAndAmortization": "444000000",
            "incomeBeforeTax": "7599000000",
            "incomeTaxExpense": "1074000000",
            "interestAndDebtExpense": "228000000",
            "netIncomeFromContinuingOperations": "6525000000",
            "comprehensiveIncomeNetOfTax": "6583000000",
            "ebit": "7827000000",
            "ebitda": "8271000000",
            "netIncome": "6525000000"
        },
        {
            "fiscalDateEnding": "2021-10-31",
            "reportedCurrency": "USD",
            "grossProfit": "10914000000",
            "totalRevenue": "22827000000",
            "costOfRevenue": "13929000000",
            "costofGoodsAndServicesSold": "12149000000",
            "operatingIncome": "6889000000",
            "sellingGeneralAndAdministrative": "1229000000",
            "researchAndDevelopment": "2485000000",
            "operatingExpenses": "4025000000",
            "investmentIncomeNet": "None",
            "netInterestIncome": "-236000000",
            "interestIncome": "118000000",
            "interestExpense": "236000000",
            "nonInterestIncome": "23063000000",
            "otherNonOperatingIncome": "118000000",
            "depreciation": "345000000",
            "depreciationAndAmortization": "394000000",
            "incomeBeforeTax": "6771000000",
            "incomeTaxExpense": "883000000",
            "interestAndDebtExpense": "236000000",
            "netIncomeFromContinuingOperations": "5888000000",
            "comprehensiveIncomeNetOfTax": "5927000000",
            "ebit": "7007000000",
            "ebitda": "7401000000",
            "netIncome": "5888000000"
        },
        {
            "fiscalDateEnding": "2020-10-25",
            "reportedCurrency": "USD",
            "grossProfit": "7692000000",
            "totalRevenue": "16962000000",
            "costOfRevenue": "10979000000",
            "costofGoodsAndServicesSold": "9510000000",
            "operatingIncome": "4365000000",
            "sellingGeneralAndAdministrative": "1093000000",
            "researchAndDevelopment": "2234000000",
            "operatingExpenses": "3327000000",
            "investmentIncomeNet": "None",
            "netInterestIncome": "-240000000",
            "interestIncome": "41000000",
            "interestExpense": "240000000",
            "nonInterestIncome": "17202000000",
            "otherNonOperatingIncome": "41000000",
            "depreciation": "320000000",
            "depreciationAndAmortization": "376000000",
            "incomeBeforeTax": "4166000000",
            "incomeTaxExpense": "547000000",
            "interestAndDebtExpense": "240000000",
            "netIncomeFromContinuingOperations": "3619000000",
            "comprehensiveIncomeNetOfTax": "3500000000",
            "ebit": "4406000000",
            "ebitda": "4782000000",
            "netIncome": "3619000000"
        },
        {
            "fiscalDateEnding": "2019-10-27",
            "reportedCurrency": "USD",
            "grossProfit": "6386000000",
            "totalRevenue": "14608000000",
            "costOfRevenue": "8222000000",
            "costofGoodsAndServicesSold": "8222000000",
            "operatingIncome": "3350000000",
            "sellingGeneralAndAdministrative": "982000000",
            "researchAndDevelopment": "2054000000",
            "operatingExpenses": "3036000000",
            "investmentIncomeNet": "None",
            "netInterestIncome": "-237000000",
            "interestIncome": "156000000",
            "interestExpense": "237000000",
            "nonInterestIncome": "-8000000",
            "otherNonOperatingIncome": "156000000",
            "depreciation": "306000000",
            "depreciationAndAmortization": "363000000",
            "incomeBeforeTax": "3269000000",
            "incomeTaxExpense": "563000000",
            "interestAndDebtExpense": "237000000",
            "netIncomeFromContinuingOperations": "2706000000",
            "comprehensiveIncomeNetOfTax": "2668000000",
            "ebit": "3506000000",
            "ebitda": "3869000000",
            "netIncome": "2706000000"
        },
        {
            "fiscalDateEnding": "2018-10-28",
            "reportedCurrency": "USD",
            "grossProfit": "7517000000",
            "totalRevenue": "16705000000",
            "costOfRevenue": "9188000000",
            "costofGoodsAndServicesSold": "9188000000",
            "operatingIncome": "4491000000",
            "sellingGeneralAndAdministrative": "1002000000",
            "researchAndDevelopment": "2022000000",
            "operatingExpenses": "3026000000",
            "investmentIncomeNet": "None",
            "netInterestIncome": "-234000000",
            "interestIncome": "132000000",
            "interestExpense": "234000000",
            "nonInterestIncome": "-5000000",
            "otherNonOperatingIncome": "139000000",
            "depreciation": "258000000",
            "depreciationAndAmortization": "457000000",
            "incomeBeforeTax": "4396000000",
            "incomeTaxExpense": "1358000000",
            "interestAndDebtExpense": "234000000",
            "netIncomeFromContinuingOperations": "3313000000",
            "comprehensiveIncomeNetOfTax": "2974000000",
            "ebit": "4630000000",
            "ebitda": "5087000000",
            "netIncome": "3038000000"
        }
    ],
    "quarterlyReports": [
        {
            "fiscalDateEnding": "2023-01-29",
            "reportedCurrency": "USD",
            "grossProfit": "3145000000",
            "totalRevenue": "6643000000",
            "costOfRevenue": "4118000000",
            "costofGoodsAndServicesSold": "3594000000",
            "operatingIncome": "1970000000",
            "sellingGeneralAndAdministrative": "404000000",
            "researchAndDevelopment": "771000000",
            "operatingExpenses": "1175000000",
            "investmentIncomeNet": "None",
            "netInterestIncome": "-59000000",
            "interestIncome": "50000000",
            "interestExpense": "59000000",
            "nonInterestIncome": "6702000000",
            "otherNonOperatingIncome": "50000000",
            "depreciation": "None",
            "depreciationAndAmortization": "120000000",
            "incomeBeforeTax": "1961000000",
            "incomeTaxExpense": "244000000",
            "interestAndDebtExpense": "59000000",
            "netIncomeFromContinuingOperations": "1717000000",
            "comprehensiveIncomeNetOfTax": "1684000000",
            "ebit": "2020000000",
            "ebitda": "2140000000",
            "netIncome": "1717000000"
        },
        {
            "fiscalDateEnding": "2022-10-30",
            "reportedCurrency": "USD",
            "grossProfit": "3101000000",
            "totalRevenue": "6706000000",
            "costOfRevenue": "4152000000",
            "costofGoodsAndServicesSold": "3648000000",
            "operatingIncome": "1994000000",
            "sellingGeneralAndAdministrative": "381000000",
            "researchAndDevelopment": "726000000",
            "operatingExpenses": "1107000000",
            "investmentIncomeNet": "None",
            "netInterestIncome": "-57000000",
            "interestIncome": "12000000",
            "interestExpense": "57000000",
            "nonInterestIncome": "6763000000",
            "otherNonOperatingIncome": "12000000",
            "depreciation": "None",
            "depreciationAndAmortization": "123000000",
            "incomeBeforeTax": "1949000000",
            "incomeTaxExpense": "358000000",
            "interestAndDebtExpense": "57000000",
            "netIncomeFromContinuingOperations": "1591000000",
            "comprehensiveIncomeNetOfTax": "1648000000",
            "ebit": "2006000000",
            "ebitda": "2129000000",
            "netIncome": "1591000000"
        },
        {
            "fiscalDateEnding": "2022-07-31",
            "reportedCurrency": "USD",
            "grossProfit": "3006000000",
            "totalRevenue": "6484000000",
            "costOfRevenue": "3902000000",
            "costofGoodsAndServicesSold": "3514000000",
            "operatingIncome": "1924000000",
            "sellingGeneralAndAdministrative": "377000000",
            "researchAndDevelopment": "705000000",
            "operatingExpenses": "1082000000",
            "investmentIncomeNet": "None",
            "netInterestIncome": "-56000000",
            "interestIncome": "None",
            "interestExpense": "56000000",
            "nonInterestIncome": "6540000000",
            "otherNonOperatingIncome": "-7000000",
            "depreciation": "None",
            "depreciationAndAmortization": "108000000",
            "incomeBeforeTax": "1861000000",
            "incomeTaxExpense": "255000000",
            "interestAndDebtExpense": "56000000",
            "netIncomeFromContinuingOperations": "1606000000",
            "comprehensiveIncomeNetOfTax": "1622000000",
            "ebit": "1917000000",
            "ebitda": "2025000000",
            "netIncome": "1606000000"
        },
        {
            "fiscalDateEnding": "2022-05-01",
            "reportedCurrency": "USD",
            "grossProfit": "2927000000",
            "totalRevenue": "6245000000",
            "costOfRevenue": "3318000000",
            "costofGoodsAndServicesSold": "3318000000",
            "operatingIncome": "1894000000",
            "sellingGeneralAndAdministrative": "174000000",
            "researchAndDevelopment": "686000000",
            "operatingExpenses": "1033000000",
            "investmentIncomeNet": "None",
            "netInterestIncome": "-30000000",
            "interestIncome": "28000000",
            "interestExpense": "58000000",
            "nonInterestIncome": "None",
            "otherNonOperatingIncome": "28000000",
            "depreciation": "None",
            "depreciationAndAmortization": "111000000",
            "incomeBeforeTax": "1864000000",
            "incomeTaxExpense": "328000000",
            "interestAndDebtExpense": "None",
            "netIncomeFromContinuingOperations": "1536000000",
            "comprehensiveIncomeNetOfTax": "1539000000",
            "ebit": "1922000000",
            "ebitda": "2033000000",
            "netIncome": "1536000000"
        },
        {
            "fiscalDateEnding": "2022-01-30",
            "reportedCurrency": "USD",
            "grossProfit": "2959000000",
            "totalRevenue": "6206000000",
            "costOfRevenue": "3743000000",
            "costofGoodsAndServicesSold": "3312000000",
            "operatingIncome": "1976000000",
            "sellingGeneralAndAdministrative": "333000000",
            "researchAndDevelopment": "654000000",
            "operatingExpenses": "983000000",
            "investmentIncomeNet": "None",
            "netInterestIncome": "-57000000",
            "interestIncome": "6000000",
            "interestExpense": "57000000",
            "nonInterestIncome": "6263000000",
            "otherNonOperatingIncome": "6000000",
            "depreciation": "None",
            "depreciationAndAmortization": "102000000",
            "incomeBeforeTax": "1925000000",
            "incomeTaxExpense": "133000000",
            "interestAndDebtExpense": "57000000",
            "netIncomeFromContinuingOperations": "1792000000",
            "comprehensiveIncomeNetOfTax": "1774000000",
            "ebit": "1982000000",
            "ebitda": "2084000000",
            "netIncome": "1792000000"
        },
        {
            "fiscalDateEnding": "2021-10-31",
            "reportedCurrency": "USD",
            "grossProfit": "2945000000",
            "totalRevenue": "6021000000",
            "costOfRevenue": "3592000000",
            "costofGoodsAndServicesSold": "3178000000",
            "operatingIncome": "2014000000",
            "sellingGeneralAndAdministrative": "310000000",
            "researchAndDevelopment": "622000000",
            "operatingExpenses": "931000000",
            "investmentIncomeNet": "None",
            "netInterestIncome": "-57000000",
            "interestIncome": "49000000",
            "interestExpense": "57000000",
            "nonInterestIncome": "6078000000",
            "otherNonOperatingIncome": "49000000",
            "depreciation": "None",
            "depreciationAndAmortization": "105000000",
            "incomeBeforeTax": "2006000000",
            "incomeTaxExpense": "294000000",
            "interestAndDebtExpense": "57000000",
            "netIncomeFromContinuingOperations": "1712000000",
            "comprehensiveIncomeNetOfTax": "1744000000",
            "ebit": "2063000000",
            "ebitda": "2168000000",
            "netIncome": "1712000000"
        },
        {
            "fiscalDateEnding": "2021-08-01",
            "reportedCurrency": "USD",
            "grossProfit": "2967000000",
            "totalRevenue": "6148000000",
            "costOfRevenue": "3554000000",
            "costofGoodsAndServicesSold": "3229000000",
            "operatingIncome": "2013000000",
            "sellingGeneralAndAdministrative": "314000000",
            "researchAndDevelopment": "640000000",
            "operatingExpenses": "954000000",
            "investmentIncomeNet": "None",
            "netInterestIncome": "-57000000",
            "interestIncome": "24000000",
            "interestExpense": "57000000",
            "nonInterestIncome": "6205000000",
            "otherNonOperatingIncome": "24000000",
            "depreciation": "None",
            "depreciationAndAmortization": "98000000",
            "incomeBeforeTax": "1980000000",
            "incomeTaxExpense": "264000000",
            "interestAndDebtExpense": "57000000",
            "netIncomeFromContinuingOperations": "1716000000",
            "comprehensiveIncomeNetOfTax": "1714000000",
            "ebit": "2037000000",
            "ebitda": "2135000000",
            "netIncome": "1716000000"
        },
        {
            "fiscalDateEnding": "2021-05-02",
            "reportedCurrency": "USD",
            "grossProfit": "2653000000",
            "totalRevenue": "5549000000",
            "costOfRevenue": "3245000000",
            "costofGoodsAndServicesSold": "2929000000",
            "operatingIncome": "1579000000",
            "sellingGeneralAndAdministrative": "297000000",
            "researchAndDevelopment": "617000000",
            "operatingExpenses": "1074000000",
            "investmentIncomeNet": "None",
            "netInterestIncome": "-61000000",
            "interestIncome": "27000000",
            "interestExpense": "61000000",
            "nonInterestIncome": "5610000000",
            "otherNonOperatingIncome": "27000000",
            "depreciation": "None",
            "depreciationAndAmortization": "97000000",
            "incomeBeforeTax": "1545000000",
            "incomeTaxExpense": "215000000",
            "interestAndDebtExpense": "61000000",
            "netIncomeFromContinuingOperations": "1330000000",
            "comprehensiveIncomeNetOfTax": "1337000000",
            "ebit": "1606000000",
            "ebitda": "1703000000",
            "netIncome": "1330000000"
        },
        {
            "fiscalDateEnding": "2021-01-31",
            "reportedCurrency": "USD",
            "grossProfit": "2349000000",
            "totalRevenue": "5162000000",
            "costOfRevenue": "2813000000",
            "costofGoodsAndServicesSold": "2813000000",
            "operatingIncome": "1283000000",
            "sellingGeneralAndAdministrative": "308000000",
            "researchAndDevelopment": "606000000",
            "operatingExpenses": "1066000000",
            "investmentIncomeNet": "None",
            "netInterestIncome": "-61000000",
            "interestIncome": "18000000",
            "interestExpense": "61000000",
            "nonInterestIncome": "8000000",
            "otherNonOperatingIncome": "18000000",
            "depreciation": "None",
            "depreciationAndAmortization": "94000000",
            "incomeBeforeTax": "1240000000",
            "incomeTaxExpense": "110000000",
            "interestAndDebtExpense": "61000000",
            "netIncomeFromContinuingOperations": "1130000000",
            "comprehensiveIncomeNetOfTax": "1132000000",
            "ebit": "1301000000",
            "ebitda": "1395000000",
            "netIncome": "1130000000"
        },
        {
            "fiscalDateEnding": "2020-10-25",
            "reportedCurrency": "USD",
            "grossProfit": "2130000000",
            "totalRevenue": "4688000000",
            "costOfRevenue": "2942000000",
            "costofGoodsAndServicesSold": "2558000000",
            "operatingIncome": "1283000000",
            "sellingGeneralAndAdministrative": "287000000",
            "researchAndDevelopment": "560000000",
            "operatingExpenses": "847000000",
            "investmentIncomeNet": "None",
            "netInterestIncome": "-59000000",
            "interestIncome": "19000000",
            "interestExpense": "59000000",
            "nonInterestIncome": "4688000000",
            "otherNonOperatingIncome": "19000000",
            "depreciation": "None",
            "depreciationAndAmortization": "97000000",
            "incomeBeforeTax": "1243000000",
            "incomeTaxExpense": "112000000",
            "interestAndDebtExpense": "59000000",
            "netIncomeFromContinuingOperations": "2130000000",
            "comprehensiveIncomeNetOfTax": "1109000000",
            "ebit": "1302000000",
            "ebitda": "1399000000",
            "netIncome": "1131000000"
        },
        {
            "fiscalDateEnding": "2020-07-26",
            "reportedCurrency": "USD",
            "grossProfit": "1955000000",
            "totalRevenue": "4395000000",
            "costOfRevenue": "2440000000",
            "costofGoodsAndServicesSold": "2440000000",
            "operatingIncome": "1108000000",
            "sellingGeneralAndAdministrative": "275000000",
            "researchAndDevelopment": "572000000",
            "operatingExpenses": "847000000",
            "investmentIncomeNet": "None",
            "netInterestIncome": "-61000000",
            "interestIncome": "None",
            "interestExpense": "61000000",
            "nonInterestIncome": "4395000000",
            "otherNonOperatingIncome": "-7000000",
            "depreciation": "None",
            "depreciationAndAmortization": "94000000",
            "incomeBeforeTax": "1040000000",
            "incomeTaxExpense": "199000000",
            "interestAndDebtExpense": "61000000",
            "netIncomeFromContinuingOperations": "841000000",
            "comprehensiveIncomeNetOfTax": "879000000",
            "ebit": "1101000000",
            "ebitda": "1195000000",
            "netIncome": "841000000"
        },
        {
            "fiscalDateEnding": "2020-04-26",
            "reportedCurrency": "USD",
            "grossProfit": "1749000000",
            "totalRevenue": "3957000000",
            "costOfRevenue": "2208000000",
            "costofGoodsAndServicesSold": "2208000000",
            "operatingIncome": "932000000",
            "sellingGeneralAndAdministrative": "267000000",
            "researchAndDevelopment": "550000000",
            "operatingExpenses": "817000000",
            "investmentIncomeNet": "None",
            "netInterestIncome": "-61000000",
            "interestIncome": "7000000",
            "interestExpense": "61000000",
            "nonInterestIncome": "3957000000",
            "otherNonOperatingIncome": "7000000",
            "depreciation": "None",
            "depreciationAndAmortization": "91000000",
            "incomeBeforeTax": "878000000",
            "incomeTaxExpense": "123000000",
            "interestAndDebtExpense": "61000000",
            "netIncomeFromContinuingOperations": "755000000",
            "comprehensiveIncomeNetOfTax": "628000000",
            "ebit": "939000000",
            "ebitda": "1030000000",
            "netIncome": "755000000"
        },
        {
            "fiscalDateEnding": "2020-01-26",
            "reportedCurrency": "USD",
            "grossProfit": "1858000000",
            "totalRevenue": "4162000000",
            "costOfRevenue": "2304000000",
            "costofGoodsAndServicesSold": "2304000000",
            "operatingIncome": "1042000000",
            "sellingGeneralAndAdministrative": "264000000",
            "researchAndDevelopment": "552000000",
            "operatingExpenses": "816000000",
            "investmentIncomeNet": "None",
            "netInterestIncome": "-59000000",
            "interestIncome": "22000000",
            "interestExpense": "59000000",
            "nonInterestIncome": "4162000000",
            "otherNonOperatingIncome": "22000000",
            "depreciation": "None",
            "depreciationAndAmortization": "94000000",
            "incomeBeforeTax": "1005000000",
            "incomeTaxExpense": "113000000",
            "interestAndDebtExpense": "59000000",
            "netIncomeFromContinuingOperations": "892000000",
            "comprehensiveIncomeNetOfTax": "884000000",
            "ebit": "1064000000",
            "ebitda": "1158000000",
            "netIncome": "892000000"
        },
        {
            "fiscalDateEnding": "2019-10-27",
            "reportedCurrency": "USD",
            "grossProfit": "1634000000",
            "totalRevenue": "3754000000",
            "costOfRevenue": "2120000000",
            "costofGoodsAndServicesSold": "2120000000",
            "operatingIncome": "864000000",
            "sellingGeneralAndAdministrative": "255000000",
            "researchAndDevelopment": "515000000",
            "operatingExpenses": "770000000",
            "investmentIncomeNet": "None",
            "netInterestIncome": "-59000000",
            "interestIncome": "35000000",
            "interestExpense": "59000000",
            "nonInterestIncome": "3754000000",
            "otherNonOperatingIncome": "35000000",
            "depreciation": "None",
            "depreciationAndAmortization": "92000000",
            "incomeBeforeTax": "840000000",
            "incomeTaxExpense": "142000000",
            "interestAndDebtExpense": "59000000",
            "netIncomeFromContinuingOperations": "1634000000",
            "comprehensiveIncomeNetOfTax": "655000000",
            "ebit": "899000000",
            "ebitda": "991000000",
            "netIncome": "698000000"
        },
        {
            "fiscalDateEnding": "2019-07-28",
            "reportedCurrency": "USD",
            "grossProfit": "1557000000",
            "totalRevenue": "3562000000",
            "costOfRevenue": "2005000000",
            "costofGoodsAndServicesSold": "2005000000",
            "operatingIncome": "802000000",
            "sellingGeneralAndAdministrative": "240000000",
            "researchAndDevelopment": "515000000",
            "operatingExpenses": "755000000",
            "investmentIncomeNet": "None",
            "netInterestIncome": "-58000000",
            "interestIncome": "38000000",
            "interestExpense": "58000000",
            "nonInterestIncome": "3562000000",
            "otherNonOperatingIncome": "38000000",
            "depreciation": "None",
            "depreciationAndAmortization": "89000000",
            "incomeBeforeTax": "782000000",
            "incomeTaxExpense": "211000000",
            "interestAndDebtExpense": "58000000",
            "netIncomeFromContinuingOperations": "571000000",
            "comprehensiveIncomeNetOfTax": "572000000",
            "ebit": "840000000",
            "ebitda": "929000000",
            "netIncome": "571000000"
        },
        {
            "fiscalDateEnding": "2019-04-28",
            "reportedCurrency": "USD",
            "grossProfit": "1530000000",
            "totalRevenue": "3539000000",
            "costOfRevenue": "2009000000",
            "costofGoodsAndServicesSold": "2009000000",
            "operatingIncome": "776000000",
            "sellingGeneralAndAdministrative": "246000000",
            "researchAndDevelopment": "508000000",
            "operatingExpenses": "754000000",
            "investmentIncomeNet": "None",
            "netInterestIncome": "-60000000",
            "interestIncome": "43000000",
            "interestExpense": "60000000",
            "nonInterestIncome": "3539000000",
            "otherNonOperatingIncome": "43000000",
            "depreciation": "None",
            "depreciationAndAmortization": "94000000",
            "incomeBeforeTax": "759000000",
            "incomeTaxExpense": "93000000",
            "interestAndDebtExpense": "60000000",
            "netIncomeFromContinuingOperations": "666000000",
            "comprehensiveIncomeNetOfTax": "682000000",
            "ebit": "819000000",
            "ebitda": "913000000",
            "netIncome": "666000000"
        },
        {
            "fiscalDateEnding": "2019-01-27",
            "reportedCurrency": "USD",
            "grossProfit": "1665000000",
            "totalRevenue": "3753000000",
            "costOfRevenue": "2088000000",
            "costofGoodsAndServicesSold": "2088000000",
            "operatingIncome": "908000000",
            "sellingGeneralAndAdministrative": "241000000",
            "researchAndDevelopment": "516000000",
            "operatingExpenses": "757000000",
            "investmentIncomeNet": "None",
            "netInterestIncome": "-60000000",
            "interestIncome": "None",
            "interestExpense": "60000000",
            "nonInterestIncome": "3753000000",
            "otherNonOperatingIncome": "40000000",
            "depreciation": "None",
            "depreciationAndAmortization": "88000000",
            "incomeBeforeTax": "888000000",
            "incomeTaxExpense": "117000000",
            "interestAndDebtExpense": "60000000",
            "netIncomeFromContinuingOperations": "771000000",
            "comprehensiveIncomeNetOfTax": "759000000",
            "ebit": "948000000",
            "ebitda": "1036000000",
            "netIncome": "771000000"
        },
        {
            "fiscalDateEnding": "2018-10-28",
            "reportedCurrency": "USD",
            "grossProfit": "1657000000",
            "totalRevenue": "3759000000",
            "costOfRevenue": "2102000000",
            "costofGoodsAndServicesSold": "2102000000",
            "operatingIncome": "891000000",
            "sellingGeneralAndAdministrative": "246000000",
            "researchAndDevelopment": "519000000",
            "operatingExpenses": "766000000",
            "investmentIncomeNet": "None",
            "netInterestIncome": "-60000000",
            "interestIncome": "None",
            "interestExpense": "60000000",
            "nonInterestIncome": "None",
            "otherNonOperatingIncome": "44000000",
            "depreciation": "None",
            "depreciationAndAmortization": "120000000",
            "incomeBeforeTax": "875000000",
            "incomeTaxExpense": "118000000",
            "interestAndDebtExpense": "60000000",
            "netIncomeFromContinuingOperations": "1780000000",
            "comprehensiveIncomeNetOfTax": "709000000",
            "ebit": "935000000",
            "ebitda": "1055000000",
            "netIncome": "757000000"
        },
        {
            "fiscalDateEnding": "2018-07-29",
            "reportedCurrency": "USD",
            "grossProfit": "1864000000",
            "totalRevenue": "4162000000",
            "costOfRevenue": "2298000000",
            "costofGoodsAndServicesSold": "2298000000",
            "operatingIncome": "1093000000",
            "sellingGeneralAndAdministrative": "266000000",
            "researchAndDevelopment": "505000000",
            "operatingExpenses": "771000000",
            "investmentIncomeNet": "None",
            "netInterestIncome": "-59000000",
            "interestIncome": "None",
            "interestExpense": "59000000",
            "nonInterestIncome": "None",
            "otherNonOperatingIncome": "43000000",
            "depreciation": "None",
            "depreciationAndAmortization": "110000000",
            "incomeBeforeTax": "1077000000",
            "incomeTaxExpense": "61000000",
            "interestAndDebtExpense": "59000000",
            "netIncomeFromContinuingOperations": "1173000000",
            "comprehensiveIncomeNetOfTax": "1014000000",
            "ebit": "1136000000",
            "ebitda": "1246000000",
            "netIncome": "1016000000"
        },
        {
            "fiscalDateEnding": "2018-04-29",
            "reportedCurrency": "USD",
            "grossProfit": "2056000000",
            "totalRevenue": "4579000000",
            "costOfRevenue": "2523000000",
            "costofGoodsAndServicesSold": "2523000000",
            "operatingIncome": "1292000000",
            "sellingGeneralAndAdministrative": "254000000",
            "researchAndDevelopment": "509000000",
            "operatingExpenses": "764000000",
            "investmentIncomeNet": "None",
            "netInterestIncome": "-56000000",
            "interestIncome": "None",
            "interestExpense": "56000000",
            "nonInterestIncome": "None",
            "otherNonOperatingIncome": "25000000",
            "depreciation": "None",
            "depreciationAndAmortization": "108000000",
            "incomeBeforeTax": "1261000000",
            "incomeTaxExpense": "161000000",
            "interestAndDebtExpense": "56000000",
            "netIncomeFromContinuingOperations": "1129000000",
            "comprehensiveIncomeNetOfTax": "1101000000",
            "ebit": "1317000000",
            "ebitda": "1425000000",
            "netIncome": "1100000000"
        }
    ]
}