{
    "symbol": "ATVI",
    "annualReports": [
        {
            "fiscalDateEnding": "2022-12-31",
            "reportedCurrency": "USD",
            "grossProfit": "5099000000",
            "totalRevenue": "7420000000",
            "costOfRevenue": "2321000000",
            "costofGoodsAndServicesSold": "516000000",
            "operatingIncome": "1670000000",
            "sellingGeneralAndAdministrative": "2218000000",
            "researchAndDevelopment": "1421000000",
            "operatingExpenses": "3742000000",
            "investmentIncomeNet": "None",
            "netInterestIncome": "-108000000",
            "interestIncome": "None",
            "interestExpense": "108000000",
            "nonInterestIncome": "7528000000",
            "otherNonOperatingIncome": "182000000",
            "depreciation": "91000000",
            "depreciationAndAmortization": "106000000",
            "incomeBeforeTax": "1744000000",
            "incomeTaxExpense": "231000000",
            "interestAndDebtExpense": "108000000",
            "netIncomeFromContinuingOperations": "1513000000",
            "comprehensiveIncomeNetOfTax": "1466000000",
            "ebit": "1670000000",
            "ebitda": "1958000000",
            "netIncome": "1513000000"
        },
        {
            "fiscalDateEnding": "2021-12-31",
            "reportedCurrency": "USD",
            "grossProfit": "6689000000",
            "totalRevenue": "8695000000",
            "costOfRevenue": "2006000000",
            "costofGoodsAndServicesSold": "2317000000",
            "operatingIncome": "3259000000",
            "sellingGeneralAndAdministrative": "1813000000",
            "researchAndDevelopment": "1337000000",
            "operatingExpenses": "3343000000",
            "investmentIncomeNet": "None",
            "netInterestIncome": "-108000000",
            "interestIncome": "5000000",
            "interestExpense": "108000000",
            "nonInterestIncome": "8803000000",
            "otherNonOperatingIncome": "13000000",
            "depreciation": "105000000",
            "depreciationAndAmortization": "116000000",
            "incomeBeforeTax": "3164000000",
            "incomeTaxExpense": "465000000",
            "interestAndDebtExpense": "108000000",
            "netIncomeFromContinuingOperations": "2699000000",
            "comprehensiveIncomeNetOfTax": "2743000000",
            "ebit": "3259000000",
            "ebitda": "3388000000",
            "netIncome": "2699000000"
        },
        {
            "fiscalDateEnding": "2020-12-31",
            "reportedCurrency": "USD",
            "grossProfit": "5817000000",
            "totalRevenue": "7956000000",
            "costOfRevenue": "2139000000",
            "costofGoodsAndServicesSold": "2260000000",
            "operatingIncome": "2734000000",
            "sellingGeneralAndAdministrative": "1848000000",
            "researchAndDevelopment": "1150000000",
            "operatingExpenses": "3289000000",
            "investmentIncomeNet": "None",
            "netInterestIncome": "-99000000",
            "interestIncome": "21000000",
            "interestExpense": "99000000",
            "nonInterestIncome": "8055000000",
            "otherNonOperatingIncome": "12000000",
            "depreciation": "117000000",
            "depreciationAndAmortization": "197000000",
            "incomeBeforeTax": "2616000000",
            "incomeTaxExpense": "419000000",
            "interestAndDebtExpense": "130000000",
            "netIncomeFromContinuingOperations": "2197000000",
            "comprehensiveIncomeNetOfTax": "2194000000",
            "ebit": "2734000000",
            "ebitda": "2912000000",
            "netIncome": "2197000000"
        },
        {
            "fiscalDateEnding": "2019-12-31",
            "reportedCurrency": "USD",
            "grossProfit": "4275000000",
            "totalRevenue": "6399000000",
            "costOfRevenue": "2094000000",
            "costofGoodsAndServicesSold": "6000000",
            "operatingIncome": "1607000000",
            "sellingGeneralAndAdministrative": "1658000000",
            "researchAndDevelopment": "998000000",
            "operatingExpenses": "3116000000",
            "investmentIncomeNet": "None",
            "netInterestIncome": "-90000000",
            "interestIncome": "79000000",
            "interestExpense": "90000000",
            "nonInterestIncome": "6489000000",
            "otherNonOperatingIncome": "26000000",
            "depreciation": "124000000",
            "depreciationAndAmortization": "328000000",
            "incomeBeforeTax": "1633000000",
            "incomeTaxExpense": "130000000",
            "interestAndDebtExpense": "90000000",
            "netIncomeFromContinuingOperations": "1503000000",
            "comprehensiveIncomeNetOfTax": "1485000000",
            "ebit": "1607000000",
            "ebitda": "2051000000",
            "netIncome": "1503000000"
        },
        {
            "fiscalDateEnding": "2018-12-31",
            "reportedCurrency": "USD",
            "grossProfit": "4911000000",
            "totalRevenue": "7320000000",
            "costOfRevenue": "2517000000",
            "costofGoodsAndServicesSold": "6000000",
            "operatingIncome": "1988000000",
            "sellingGeneralAndAdministrative": "1894000000",
            "researchAndDevelopment": "1101000000",
            "operatingExpenses": "3504000000",
            "investmentIncomeNet": "None",
            "netInterestIncome": "-140000000",
            "interestIncome": "None",
            "interestExpense": "140000000",
            "nonInterestIncome": "7460000000",
            "otherNonOperatingIncome": "-71000000",
            "depreciation": "138000000",
            "depreciationAndAmortization": "509000000",
            "incomeBeforeTax": "1877000000",
            "incomeTaxExpense": "29000000",
            "interestAndDebtExpense": "180000000",
            "netIncomeFromContinuingOperations": "1813000000",
            "comprehensiveIncomeNetOfTax": "1847000000",
            "ebit": "1988000000",
            "ebitda": "2526000000",
            "netIncome": "1848000000"
        }
    ],
    "quarterlyReports": [
        {
            "fiscalDateEnding": "2022-12-31",
            "reportedCurrency": "USD",
            "grossProfit": "1555000000",
            "totalRevenue": "2307000000",
            "costOfRevenue": "752000000",
            "costofGoodsAndServicesSold": "240000000",
            "operatingIncome": "368000000",
            "sellingGeneralAndAdministrative": "724000000",
            "researchAndDevelopment": "486000000",
            "operatingExpenses": "1238000000",
            "investmentIncomeNet": "None",
            "netInterestIncome": "-27000000",
            "interestIncome": "None",
            "interestExpense": "27000000",
            "nonInterestIncome": "2334000000",
            "otherNonOperatingIncome": "198000000",
            "depreciation": "None",
            "depreciationAndAmortization": "28000000",
            "incomeBeforeTax": "458000000",
            "incomeTaxExpense": "55000000",
            "interestAndDebtExpense": "27000000",
            "netIncomeFromContinuingOperations": "403000000",
            "comprehensiveIncomeNetOfTax": "367000000",
            "ebit": "368000000",
            "ebitda": "513000000",
            "netIncome": "403000000"
        },
        {
            "fiscalDateEnding": "2022-09-30",
            "reportedCurrency": "USD",
            "grossProfit": "1237000000",
            "totalRevenue": "1755000000",
            "costOfRevenue": "518000000",
            "costofGoodsAndServicesSold": "502000000",
            "operatingIncome": "485000000",
            "sellingGeneralAndAdministrative": "516000000",
            "researchAndDevelopment": "277000000",
            "operatingExpenses": "795000000",
            "investmentIncomeNet": "None",
            "netInterestIncome": "-27000000",
            "interestIncome": "51000000",
            "interestExpense": "27000000",
            "nonInterestIncome": "1782000000",
            "otherNonOperatingIncome": "15000000",
            "depreciation": "None",
            "depreciationAndAmortization": "29000000",
            "incomeBeforeTax": "500000000",
            "incomeTaxExpense": "65000000",
            "interestAndDebtExpense": "27000000",
            "netIncomeFromContinuingOperations": "435000000",
            "comprehensiveIncomeNetOfTax": "437000000",
            "ebit": "485000000",
            "ebitda": "556000000",
            "netIncome": "435000000"
        },
        {
            "fiscalDateEnding": "2022-06-30",
            "reportedCurrency": "USD",
            "grossProfit": "1107000000",
            "totalRevenue": "1617000000",
            "costOfRevenue": "510000000",
            "costofGoodsAndServicesSold": "485000000",
            "operatingIncome": "338000000",
            "sellingGeneralAndAdministrative": "513000000",
            "researchAndDevelopment": "311000000",
            "operatingExpenses": "821000000",
            "investmentIncomeNet": "None",
            "netInterestIncome": "-27000000",
            "interestIncome": "17000000",
            "interestExpense": "27000000",
            "nonInterestIncome": "1644000000",
            "otherNonOperatingIncome": "-17000000",
            "depreciation": "None",
            "depreciationAndAmortization": "25000000",
            "incomeBeforeTax": "321000000",
            "incomeTaxExpense": "41000000",
            "interestAndDebtExpense": "27000000",
            "netIncomeFromContinuingOperations": "280000000",
            "comprehensiveIncomeNetOfTax": "275000000",
            "ebit": "338000000",
            "ebitda": "373000000",
            "netIncome": "280000000"
        },
        {
            "fiscalDateEnding": "2022-03-31",
            "reportedCurrency": "USD",
            "grossProfit": "1253000000",
            "totalRevenue": "1741000000",
            "costOfRevenue": "488000000",
            "costofGoodsAndServicesSold": "479000000",
            "operatingIncome": "479000000",
            "sellingGeneralAndAdministrative": "466000000",
            "researchAndDevelopment": "346000000",
            "operatingExpenses": "834000000",
            "investmentIncomeNet": "None",
            "netInterestIncome": "-27000000",
            "interestIncome": "1000000",
            "interestExpense": "27000000",
            "nonInterestIncome": "1768000000",
            "otherNonOperatingIncome": "-14000000",
            "depreciation": "None",
            "depreciationAndAmortization": "24000000",
            "incomeBeforeTax": "465000000",
            "incomeTaxExpense": "70000000",
            "interestAndDebtExpense": "27000000",
            "netIncomeFromContinuingOperations": "395000000",
            "comprehensiveIncomeNetOfTax": "387000000",
            "ebit": "479000000",
            "ebitda": "516000000",
            "netIncome": "395000000"
        },
        {
            "fiscalDateEnding": "2021-12-31",
            "reportedCurrency": "USD",
            "grossProfit": "1605000000",
            "totalRevenue": "2136000000",
            "costOfRevenue": "531000000",
            "costofGoodsAndServicesSold": "657000000",
            "operatingIncome": "681000000",
            "sellingGeneralAndAdministrative": "472000000",
            "researchAndDevelopment": "321000000",
            "operatingExpenses": "852000000",
            "investmentIncomeNet": "None",
            "netInterestIncome": "-27000000",
            "interestIncome": "1000000",
            "interestExpense": "27000000",
            "nonInterestIncome": "2163000000",
            "otherNonOperatingIncome": "65000000",
            "depreciation": "None",
            "depreciationAndAmortization": "28000000",
            "incomeBeforeTax": "638000000",
            "incomeTaxExpense": "74000000",
            "interestAndDebtExpense": "27000000",
            "netIncomeFromContinuingOperations": "564000000",
            "comprehensiveIncomeNetOfTax": "573000000",
            "ebit": "681000000",
            "ebitda": "693000000",
            "netIncome": "564000000"
        },
        {
            "fiscalDateEnding": "2021-09-30",
            "reportedCurrency": "USD",
            "grossProfit": "1651000000",
            "totalRevenue": "2043000000",
            "costOfRevenue": "392000000",
            "costofGoodsAndServicesSold": "527000000",
            "operatingIncome": "824000000",
            "sellingGeneralAndAdministrative": "387000000",
            "researchAndDevelopment": "329000000",
            "operatingExpenses": "721000000",
            "investmentIncomeNet": "None",
            "netInterestIncome": "-27000000",
            "interestIncome": "1000000",
            "interestExpense": "27000000",
            "nonInterestIncome": "2070000000",
            "otherNonOperatingIncome": "-65000000",
            "depreciation": "None",
            "depreciationAndAmortization": "27000000",
            "incomeBeforeTax": "759000000",
            "incomeTaxExpense": "120000000",
            "interestAndDebtExpense": "27000000",
            "netIncomeFromContinuingOperations": "639000000",
            "comprehensiveIncomeNetOfTax": "645000000",
            "ebit": "824000000",
            "ebitda": "813000000",
            "netIncome": "639000000"
        },
        {
            "fiscalDateEnding": "2021-06-30",
            "reportedCurrency": "USD",
            "grossProfit": "1836000000",
            "totalRevenue": "2285000000",
            "costOfRevenue": "449000000",
            "costofGoodsAndServicesSold": "555000000",
            "operatingIncome": "959000000",
            "sellingGeneralAndAdministrative": "434000000",
            "researchAndDevelopment": "335000000",
            "operatingExpenses": "784000000",
            "investmentIncomeNet": "None",
            "netInterestIncome": "-27000000",
            "interestIncome": "1000000",
            "interestExpense": "27000000",
            "nonInterestIncome": "2312000000",
            "otherNonOperatingIncome": "43000000",
            "depreciation": "None",
            "depreciationAndAmortization": "28000000",
            "incomeBeforeTax": "1002000000",
            "incomeTaxExpense": "126000000",
            "interestAndDebtExpense": "27000000",
            "netIncomeFromContinuingOperations": "876000000",
            "comprehensiveIncomeNetOfTax": "883000000",
            "ebit": "959000000",
            "ebitda": "1057000000",
            "netIncome": "876000000"
        },
        {
            "fiscalDateEnding": "2021-03-31",
            "reportedCurrency": "USD",
            "grossProfit": "1665000000",
            "totalRevenue": "2247000000",
            "costOfRevenue": "582000000",
            "costofGoodsAndServicesSold": "578000000",
            "operatingIncome": "795000000",
            "sellingGeneralAndAdministrative": "519000000",
            "researchAndDevelopment": "353000000",
            "operatingExpenses": "935000000",
            "investmentIncomeNet": "None",
            "netInterestIncome": "-28000000",
            "interestIncome": "1000000",
            "interestExpense": "28000000",
            "nonInterestIncome": "2275000000",
            "otherNonOperatingIncome": "-30000000",
            "depreciation": "None",
            "depreciationAndAmortization": "33000000",
            "incomeBeforeTax": "765000000",
            "incomeTaxExpense": "146000000",
            "interestAndDebtExpense": "28000000",
            "netIncomeFromContinuingOperations": "619000000",
            "comprehensiveIncomeNetOfTax": "641000000",
            "ebit": "795000000",
            "ebitda": "826000000",
            "netIncome": "619000000"
        },
        {
            "fiscalDateEnding": "2020-12-31",
            "reportedCurrency": "USD",
            "grossProfit": "1688000000",
            "totalRevenue": "2385000000",
            "costOfRevenue": "697000000",
            "costofGoodsAndServicesSold": "817000000",
            "operatingIncome": "595000000",
            "sellingGeneralAndAdministrative": "597000000",
            "researchAndDevelopment": "348000000",
            "operatingExpenses": "1045000000",
            "investmentIncomeNet": "None",
            "netInterestIncome": "-27000000",
            "interestIncome": "1000000",
            "interestExpense": "27000000",
            "nonInterestIncome": "2412000000",
            "otherNonOperatingIncome": "67000000",
            "depreciation": "None",
            "depreciationAndAmortization": "45000000",
            "incomeBeforeTax": "563000000",
            "incomeTaxExpense": "54000000",
            "interestAndDebtExpense": "27000000",
            "netIncomeFromContinuingOperations": "509000000",
            "comprehensiveIncomeNetOfTax": "520000000",
            "ebit": "595000000",
            "ebitda": "635000000",
            "netIncome": "509000000"
        },
        {
            "fiscalDateEnding": "2020-09-30",
            "reportedCurrency": "USD",
            "grossProfit": "1447000000",
            "totalRevenue": "1896000000",
            "costOfRevenue": "449000000",
            "costofGoodsAndServicesSold": "469000000",
            "operatingIncome": "778000000",
            "sellingGeneralAndAdministrative": "424000000",
            "researchAndDevelopment": "274000000",
            "operatingExpenses": "723000000",
            "investmentIncomeNet": "None",
            "netInterestIncome": "-27000000",
            "interestIncome": "1000000",
            "interestExpense": "27000000",
            "nonInterestIncome": "1923000000",
            "otherNonOperatingIncome": "-25000000",
            "depreciation": "None",
            "depreciationAndAmortization": "46000000",
            "incomeBeforeTax": "722000000",
            "incomeTaxExpense": "118000000",
            "interestAndDebtExpense": "58000000",
            "netIncomeFromContinuingOperations": "604000000",
            "comprehensiveIncomeNetOfTax": "605000000",
            "ebit": "778000000",
            "ebitda": "795000000",
            "netIncome": "604000000"
        },
        {
            "fiscalDateEnding": "2020-06-30",
            "reportedCurrency": "USD",
            "grossProfit": "1472000000",
            "totalRevenue": "1909000000",
            "costOfRevenue": "437000000",
            "costofGoodsAndServicesSold": "469000000",
            "operatingIncome": "749000000",
            "sellingGeneralAndAdministrative": "417000000",
            "researchAndDevelopment": "291000000",
            "operatingExpenses": "728000000",
            "investmentIncomeNet": "None",
            "netInterestIncome": "-23000000",
            "interestIncome": "2000000",
            "interestExpense": "23000000",
            "nonInterestIncome": "1932000000",
            "otherNonOperatingIncome": "-22000000",
            "depreciation": "None",
            "depreciationAndAmortization": "44000000",
            "incomeBeforeTax": "727000000",
            "incomeTaxExpense": "147000000",
            "interestAndDebtExpense": "23000000",
            "netIncomeFromContinuingOperations": "580000000",
            "comprehensiveIncomeNetOfTax": "574000000",
            "ebit": "749000000",
            "ebitda": "794000000",
            "netIncome": "580000000"
        },
        {
            "fiscalDateEnding": "2020-03-31",
            "reportedCurrency": "USD",
            "grossProfit": "1270000000",
            "totalRevenue": "1765000000",
            "costOfRevenue": "495000000",
            "costofGoodsAndServicesSold": "505000000",
            "operatingIncome": "612000000",
            "sellingGeneralAndAdministrative": "410000000",
            "researchAndDevelopment": "238000000",
            "operatingExpenses": "733000000",
            "investmentIncomeNet": "None",
            "netInterestIncome": "-23000000",
            "interestIncome": "16000000",
            "interestExpense": "23000000",
            "nonInterestIncome": "1788000000",
            "otherNonOperatingIncome": "-8000000",
            "depreciation": "None",
            "depreciationAndAmortization": "62000000",
            "incomeBeforeTax": "604000000",
            "incomeTaxExpense": "99000000",
            "interestAndDebtExpense": "23000000",
            "netIncomeFromContinuingOperations": "505000000",
            "comprehensiveIncomeNetOfTax": "496000000",
            "ebit": "612000000",
            "ebitda": "689000000",
            "netIncome": "505000000"
        },
        {
            "fiscalDateEnding": "2019-12-31",
            "reportedCurrency": "USD",
            "grossProfit": "1330000000",
            "totalRevenue": "1986000000",
            "costOfRevenue": "656000000",
            "costofGoodsAndServicesSold": "657000000",
            "operatingIncome": "454000000",
            "sellingGeneralAndAdministrative": "551000000",
            "researchAndDevelopment": "296000000",
            "operatingExpenses": "957000000",
            "investmentIncomeNet": "None",
            "netInterestIncome": "-22000000",
            "interestIncome": "18000000",
            "interestExpense": "22000000",
            "nonInterestIncome": "1986000000",
            "otherNonOperatingIncome": "-7000000",
            "depreciation": "None",
            "depreciationAndAmortization": "82000000",
            "incomeBeforeTax": "447000000",
            "incomeTaxExpense": "-78000000",
            "interestAndDebtExpense": "22000000",
            "netIncomeFromContinuingOperations": "454000000",
            "comprehensiveIncomeNetOfTax": "454000000",
            "ebit": "454000000",
            "ebitda": "551000000",
            "netIncome": "525000000"
        },
        {
            "fiscalDateEnding": "2019-09-30",
            "reportedCurrency": "USD",
            "grossProfit": "826000000",
            "totalRevenue": "1259000000",
            "costOfRevenue": "442000000",
            "costofGoodsAndServicesSold": "442000000",
            "operatingIncome": "247000000",
            "sellingGeneralAndAdministrative": "359000000",
            "researchAndDevelopment": "210000000",
            "operatingExpenses": "643000000",
            "investmentIncomeNet": "None",
            "netInterestIncome": "-23000000",
            "interestIncome": "20000000",
            "interestExpense": "23000000",
            "nonInterestIncome": "1282000000",
            "otherNonOperatingIncome": "2000000",
            "depreciation": "None",
            "depreciationAndAmortization": "80000000",
            "incomeBeforeTax": "249000000",
            "incomeTaxExpense": "45000000",
            "interestAndDebtExpense": "23000000",
            "netIncomeFromContinuingOperations": "204000000",
            "comprehensiveIncomeNetOfTax": "205000000",
            "ebit": "247000000",
            "ebitda": "352000000",
            "netIncome": "204000000"
        },
        {
            "fiscalDateEnding": "2019-06-30",
            "reportedCurrency": "USD",
            "grossProfit": "942000000",
            "totalRevenue": "1373000000",
            "costOfRevenue": "433000000",
            "costofGoodsAndServicesSold": "433000000",
            "operatingIncome": "336000000",
            "sellingGeneralAndAdministrative": "361000000",
            "researchAndDevelopment": "244000000",
            "operatingExpenses": "675000000",
            "investmentIncomeNet": "None",
            "netInterestIncome": "-23000000",
            "interestIncome": "19000000",
            "interestExpense": "23000000",
            "nonInterestIncome": "1396000000",
            "otherNonOperatingIncome": "34000000",
            "depreciation": "None",
            "depreciationAndAmortization": "79000000",
            "incomeBeforeTax": "370000000",
            "incomeTaxExpense": "42000000",
            "interestAndDebtExpense": "23000000",
            "netIncomeFromContinuingOperations": "328000000",
            "comprehensiveIncomeNetOfTax": "322000000",
            "ebit": "336000000",
            "ebitda": "472000000",
            "netIncome": "328000000"
        },
        {
            "fiscalDateEnding": "2019-03-31",
            "reportedCurrency": "USD",
            "grossProfit": "1272000000",
            "totalRevenue": "1802000000",
            "costOfRevenue": "563000000",
            "costofGoodsAndServicesSold": "563000000",
            "operatingIncome": "570000000",
            "sellingGeneralAndAdministrative": "386000000",
            "researchAndDevelopment": "249000000",
            "operatingExpenses": "779000000",
            "investmentIncomeNet": "None",
            "netInterestIncome": "-23000000",
            "interestIncome": "None",
            "interestExpense": "23000000",
            "nonInterestIncome": "1825000000",
            "otherNonOperatingIncome": "-3000000",
            "depreciation": "None",
            "depreciationAndAmortization": "87000000",
            "incomeBeforeTax": "567000000",
            "incomeTaxExpense": "120000000",
            "interestAndDebtExpense": "23000000",
            "netIncomeFromContinuingOperations": "447000000",
            "comprehensiveIncomeNetOfTax": "446000000",
            "ebit": "570000000",
            "ebitda": "677000000",
            "netIncome": "447000000"
        },
        {
            "fiscalDateEnding": "2018-12-31",
            "reportedCurrency": "USD",
            "grossProfit": "1549000000",
            "totalRevenue": "2381000000",
            "costOfRevenue": "832000000",
            "costofGoodsAndServicesSold": "832000000",
            "operatingIncome": "694000000",
            "sellingGeneralAndAdministrative": "530000000",
            "researchAndDevelopment": "325000000",
            "operatingExpenses": "979000000",
            "investmentIncomeNet": "None",
            "netInterestIncome": "-27000000",
            "interestIncome": "None",
            "interestExpense": "27000000",
            "nonInterestIncome": "2381000000",
            "otherNonOperatingIncome": "-4000000",
            "depreciation": "None",
            "depreciationAndAmortization": "124000000",
            "incomeBeforeTax": "689000000",
            "incomeTaxExpense": "4000000",
            "interestAndDebtExpense": "27000000",
            "netIncomeFromContinuingOperations": "694000000",
            "comprehensiveIncomeNetOfTax": "694000000",
            "ebit": "694000000",
            "ebitda": "840000000",
            "netIncome": "685000000"
        },
        {
            "fiscalDateEnding": "2018-09-30",
            "reportedCurrency": "USD",
            "grossProfit": "885000000",
            "totalRevenue": "1440000000",
            "costOfRevenue": "513000000",
            "costofGoodsAndServicesSold": "513000000",
            "operatingIncome": "265000000",
            "sellingGeneralAndAdministrative": "471000000",
            "researchAndDevelopment": "263000000",
            "operatingExpenses": "818000000",
            "investmentIncomeNet": "None",
            "netInterestIncome": "-32000000",
            "interestIncome": "None",
            "interestExpense": "32000000",
            "nonInterestIncome": "1472000000",
            "otherNonOperatingIncome": "-13000000",
            "depreciation": "None",
            "depreciationAndAmortization": "118000000",
            "incomeBeforeTax": "212000000",
            "incomeTaxExpense": "-48000000",
            "interestAndDebtExpense": "72000000",
            "netIncomeFromContinuingOperations": "260000000",
            "comprehensiveIncomeNetOfTax": "252000000",
            "ebit": "265000000",
            "ebitda": "362000000",
            "netIncome": "260000000"
        },
        {
            "fiscalDateEnding": "2018-06-30",
            "reportedCurrency": "USD",
            "grossProfit": "1131000000",
            "totalRevenue": "1641000000",
            "costOfRevenue": "510000000",
            "costofGoodsAndServicesSold": "510000000",
            "operatingIncome": "434000000",
            "sellingGeneralAndAdministrative": "442000000",
            "researchAndDevelopment": "255000000",
            "operatingExpenses": "774000000",
            "investmentIncomeNet": "None",
            "netInterestIncome": "-41000000",
            "interestIncome": "None",
            "interestExpense": "41000000",
            "nonInterestIncome": "1641000000",
            "otherNonOperatingIncome": "-26000000",
            "depreciation": "None",
            "depreciationAndAmortization": "112000000",
            "incomeBeforeTax": "408000000",
            "incomeTaxExpense": "6000000",
            "interestAndDebtExpense": "41000000",
            "netIncomeFromContinuingOperations": "402000000",
            "comprehensiveIncomeNetOfTax": "446000000",
            "ebit": "434000000",
            "ebitda": "561000000",
            "netIncome": "402000000"
        },
        {
            "fiscalDateEnding": "2018-03-31",
            "reportedCurrency": "USD",
            "grossProfit": "1303000000",
            "totalRevenue": "1965000000",
            "costOfRevenue": "662000000",
            "costofGoodsAndServicesSold": "662000000",
            "operatingIncome": "595000000",
            "sellingGeneralAndAdministrative": "449000000",
            "researchAndDevelopment": "259000000",
            "operatingExpenses": "863000000",
            "investmentIncomeNet": "None",
            "netInterestIncome": "-40000000",
            "interestIncome": "None",
            "interestExpense": "40000000",
            "nonInterestIncome": "1965000000",
            "otherNonOperatingIncome": "-28000000",
            "depreciation": "None",
            "depreciationAndAmortization": "155000000",
            "incomeBeforeTax": "567000000",
            "incomeTaxExpense": "67000000",
            "interestAndDebtExpense": "40000000",
            "netIncomeFromContinuingOperations": "500000000",
            "comprehensiveIncomeNetOfTax": "486000000",
            "ebit": "595000000",
            "ebitda": "762000000",
            "netIncome": "500000000"
        }
    ]
}