{
    "symbol": "CAG",
    "annualReports": [
        {
            "fiscalDateEnding": "2022-05-29",
            "reportedCurrency": "USD",
            "grossProfit": "728900000",
            "totalRevenue": "11195600000",
            "costOfRevenue": "10466700000",
            "costofGoodsAndServicesSold": "8697100000",
            "operatingIncome": "1587600000",
            "sellingGeneralAndAdministrative": "1492800000",
            "researchAndDevelopment": "53400000",
            "operatingExpenses": "1890300000",
            "investmentIncomeNet": "2100000",
            "netInterestIncome": "-379900000",
            "interestIncome": "8600000",
            "interestExpense": "388500000",
            "nonInterestIncome": "11575500000",
            "otherNonOperatingIncome": "145300000",
            "depreciation": "316100000",
            "depreciationAndAmortization": "59300000",
            "incomeBeforeTax": "1178700000",
            "incomeTaxExpense": "290500000",
            "interestAndDebtExpense": "388500000",
            "netIncomeFromContinuingOperations": "888200000",
            "comprehensiveIncomeNetOfTax": "871200000",
            "ebit": "1587600000",
            "ebitda": "1626500000",
            "netIncome": "888200000"
        },
        {
            "fiscalDateEnding": "2021-05-30",
            "reportedCurrency": "USD",
            "grossProfit": "941600000",
            "totalRevenue": "10778800000",
            "costOfRevenue": "9837200000",
            "costofGoodsAndServicesSold": "8005500000",
            "operatingIncome": "2141000000",
            "sellingGeneralAndAdministrative": "1403000000",
            "researchAndDevelopment": "51300000",
            "operatingExpenses": "1872000000",
            "investmentIncomeNet": "1900000",
            "netInterestIncome": "-420400000",
            "interestIncome": "10100000",
            "interestExpense": "430500000",
            "nonInterestIncome": "11199200000",
            "otherNonOperatingIncome": "84400000",
            "depreciation": "328000000",
            "depreciationAndAmortization": "387700000",
            "incomeBeforeTax": "1492600000",
            "incomeTaxExpense": "193800000",
            "interestAndDebtExpense": "499200000",
            "netIncomeFromContinuingOperations": "1298800000",
            "comprehensiveIncomeNetOfTax": "1414200000",
            "ebit": "2141000000",
            "ebitda": "2310800000",
            "netIncome": "1298800000"
        },
        {
            "fiscalDateEnding": "2020-05-31",
            "reportedCurrency": "USD",
            "grossProfit": "3069600000",
            "totalRevenue": "10550500000",
            "costOfRevenue": "10246200000",
            "costofGoodsAndServicesSold": "7984800000",
            "operatingIncome": "1815600000",
            "sellingGeneralAndAdministrative": "1622500000",
            "researchAndDevelopment": "56400000",
            "operatingExpenses": "2329900000",
            "investmentIncomeNet": "3100000",
            "netInterestIncome": "-487100000",
            "interestIncome": "12200000",
            "interestExpense": "499300000",
            "nonInterestIncome": "11037600000",
            "otherNonOperatingIncome": "73200000",
            "depreciation": "329100000",
            "depreciationAndAmortization": "388900000",
            "incomeBeforeTax": "1041400000",
            "incomeTaxExpense": "201300000",
            "interestAndDebtExpense": "499300000",
            "netIncomeFromContinuingOperations": "840100000",
            "comprehensiveIncomeNetOfTax": "840800000",
            "ebit": "1815600000",
            "ebitda": "1929600000",
            "netIncome": "840100000"
        },
        {
            "fiscalDateEnding": "2019-05-26",
            "reportedCurrency": "USD",
            "grossProfit": "2653000000",
            "totalRevenue": "9157500000",
            "costOfRevenue": "8750500000",
            "costofGoodsAndServicesSold": "6885400000",
            "operatingIncome": "1641800000",
            "sellingGeneralAndAdministrative": "1473400000",
            "researchAndDevelopment": "56100000",
            "operatingExpenses": "1886900000",
            "investmentIncomeNet": "6800000",
            "netInterestIncome": "-391400000",
            "interestIncome": "6800000",
            "interestExpense": "398200000",
            "nonInterestIncome": "9548900000",
            "otherNonOperatingIncome": "75800000",
            "depreciation": "283900000",
            "depreciationAndAmortization": "333000000",
            "incomeBeforeTax": "897100000",
            "incomeTaxExpense": "218800000",
            "interestAndDebtExpense": "403700000",
            "netIncomeFromContinuingOperations": "680200000",
            "comprehensiveIncomeNetOfTax": "679100000",
            "ebit": "1641800000",
            "ebitda": "1628300000",
            "netIncome": "678300000"
        },
        {
            "fiscalDateEnding": "2018-05-27",
            "reportedCurrency": "USD",
            "grossProfit": "2351500000",
            "totalRevenue": "7777600000",
            "costOfRevenue": "7176500000",
            "costofGoodsAndServicesSold": "5586800000",
            "operatingIncome": "1412500000",
            "sellingGeneralAndAdministrative": "1398400000",
            "researchAndDevelopment": "47300000",
            "operatingExpenses": "1637000000",
            "investmentIncomeNet": "3800000",
            "netInterestIncome": "-158700000",
            "interestIncome": "3800000",
            "interestExpense": "162500000",
            "nonInterestIncome": "-2000000",
            "otherNonOperatingIncome": "97300000",
            "depreciation": "222100000",
            "depreciationAndAmortization": "257000000",
            "incomeBeforeTax": "983000000",
            "incomeTaxExpense": "174600000",
            "interestAndDebtExpense": "162500000",
            "netIncomeFromContinuingOperations": "794100000",
            "comprehensiveIncomeNetOfTax": "928900000",
            "ebit": "1412500000",
            "ebitda": "1402500000",
            "netIncome": "808400000"
        }
    ],
    "quarterlyReports": [
        {
            "fiscalDateEnding": "2022-11-27",
            "reportedCurrency": "USD",
            "grossProfit": "446000000",
            "totalRevenue": "3217900000",
            "costOfRevenue": "2771900000",
            "costofGoodsAndServicesSold": "2390600000",
            "operatingIncome": "656100000",
            "sellingGeneralAndAdministrative": "372700000",
            "researchAndDevelopment": "None",
            "operatingExpenses": "387400000",
            "investmentIncomeNet": "600000",
            "netInterestIncome": "-100300000",
            "interestIncome": "600000",
            "interestExpense": "100900000",
            "nonInterestIncome": "3318200000",
            "otherNonOperatingIncome": "49300000",
            "depreciation": "77800000",
            "depreciationAndAmortization": "14700000",
            "incomeBeforeTax": "504400000",
            "incomeTaxExpense": "122500000",
            "interestAndDebtExpense": "100900000",
            "netIncomeFromContinuingOperations": "382200000",
            "comprehensiveIncomeNetOfTax": "380700000",
            "ebit": "656100000",
            "ebitda": "620000000",
            "netIncome": "381900000"
        },
        {
            "fiscalDateEnding": "2022-08-28",
            "reportedCurrency": "USD",
            "grossProfit": "-530400000",
            "totalRevenue": "2816700000",
            "costOfRevenue": "3347100000",
            "costofGoodsAndServicesSold": "2184000000",
            "operatingIncome": "62200000",
            "sellingGeneralAndAdministrative": "741600000",
            "researchAndDevelopment": "None",
            "operatingExpenses": "1169200000",
            "investmentIncomeNet": "900000",
            "netInterestIncome": "-97100000",
            "interestIncome": "900000",
            "interestExpense": "98000000",
            "nonInterestIncome": "2913800000",
            "otherNonOperatingIncome": "49200000",
            "depreciation": "78200000",
            "depreciationAndAmortization": "14800000",
            "incomeBeforeTax": "-63100000",
            "incomeTaxExpense": "14400000",
            "interestAndDebtExpense": "98000000",
            "netIncomeFromContinuingOperations": "-77500000",
            "comprehensiveIncomeNetOfTax": "-89700000",
            "ebit": "62200000",
            "ebitda": "49700000",
            "netIncome": "-77500000"
        },
        {
            "fiscalDateEnding": "2022-05-29",
            "reportedCurrency": "USD",
            "grossProfit": "163500000",
            "totalRevenue": "2826200000",
            "costOfRevenue": "2662700000",
            "costofGoodsAndServicesSold": "2196600000",
            "operatingIncome": "267200000",
            "sellingGeneralAndAdministrative": "499300000",
            "researchAndDevelopment": "None",
            "operatingExpenses": "538500000",
            "investmentIncomeNet": "1000000",
            "netInterestIncome": "-96200000",
            "interestIncome": "7500000",
            "interestExpense": "103700000",
            "nonInterestIncome": "2922400000",
            "otherNonOperatingIncome": "47500000",
            "depreciation": "75000000",
            "depreciationAndAmortization": "-226300000",
            "incomeBeforeTax": "185600000",
            "incomeTaxExpense": "26700000",
            "interestAndDebtExpense": "103700000",
            "netIncomeFromContinuingOperations": "157700000",
            "comprehensiveIncomeNetOfTax": "161000000",
            "ebit": "267200000",
            "ebitda": "63000000",
            "netIncome": "158900000"
        },
        {
            "fiscalDateEnding": "2022-02-27",
            "reportedCurrency": "USD",
            "grossProfit": "275900000",
            "totalRevenue": "2829100000",
            "costOfRevenue": "2553200000",
            "costofGoodsAndServicesSold": "2216500000",
            "operatingIncome": "424100000",
            "sellingGeneralAndAdministrative": "338000000",
            "researchAndDevelopment": "None",
            "operatingExpenses": "352800000",
            "investmentIncomeNet": "500000",
            "netInterestIncome": "-94600000",
            "interestIncome": "500000",
            "interestExpense": "95100000",
            "nonInterestIncome": "2923700000",
            "otherNonOperatingIncome": "48100000",
            "depreciation": "77300000",
            "depreciationAndAmortization": "92100000",
            "incomeBeforeTax": "328300000",
            "incomeTaxExpense": "109900000",
            "interestAndDebtExpense": "95100000",
            "netIncomeFromContinuingOperations": "218900000",
            "comprehensiveIncomeNetOfTax": "229900000",
            "ebit": "424100000",
            "ebitda": "515500000",
            "netIncome": "218400000"
        },
        {
            "fiscalDateEnding": "2021-11-28",
            "reportedCurrency": "USD",
            "grossProfit": "322800000",
            "totalRevenue": "2971000000",
            "costOfRevenue": "2648200000",
            "costofGoodsAndServicesSold": "2304100000",
            "operatingIncome": "468400000",
            "sellingGeneralAndAdministrative": "345400000",
            "researchAndDevelopment": "None",
            "operatingExpenses": "360200000",
            "investmentIncomeNet": "300000",
            "netInterestIncome": "-94900000",
            "interestIncome": "300000",
            "interestExpense": "95200000",
            "nonInterestIncome": "3065900000",
            "otherNonOperatingIncome": "29500000",
            "depreciation": "82200000",
            "depreciationAndAmortization": "97000000",
            "incomeBeforeTax": "359700000",
            "incomeTaxExpense": "84200000",
            "interestAndDebtExpense": "95200000",
            "netIncomeFromContinuingOperations": "275900000",
            "comprehensiveIncomeNetOfTax": "260100000",
            "ebit": "468400000",
            "ebitda": "551900000",
            "netIncome": "275500000"
        },
        {
            "fiscalDateEnding": "2021-08-29",
            "reportedCurrency": "USD",
            "grossProfit": "198200000",
            "totalRevenue": "2569300000",
            "costOfRevenue": "2371100000",
            "costofGoodsAndServicesSold": "1979900000",
            "operatingIncome": "427900000",
            "sellingGeneralAndAdministrative": "310100000",
            "researchAndDevelopment": "None",
            "operatingExpenses": "407300000",
            "investmentIncomeNet": "300000",
            "netInterestIncome": "-94200000",
            "interestIncome": "300000",
            "interestExpense": "94500000",
            "nonInterestIncome": "2663500000",
            "otherNonOperatingIncome": "20200000",
            "depreciation": "81600000",
            "depreciationAndAmortization": "96500000",
            "incomeBeforeTax": "305100000",
            "incomeTaxExpense": "69700000",
            "interestAndDebtExpense": "94500000",
            "netIncomeFromContinuingOperations": "235700000",
            "comprehensiveIncomeNetOfTax": "220200000",
            "ebit": "427900000",
            "ebitda": "496100000",
            "netIncome": "235400000"
        },
        {
            "fiscalDateEnding": "2021-05-30",
            "reportedCurrency": "USD",
            "grossProfit": "38700000",
            "totalRevenue": "2667900000",
            "costOfRevenue": "2629200000",
            "costofGoodsAndServicesSold": "2017800000",
            "operatingIncome": "366000000",
            "sellingGeneralAndAdministrative": "435300000",
            "researchAndDevelopment": "None",
            "operatingExpenses": "665500000",
            "investmentIncomeNet": "300000",
            "netInterestIncome": "-98400000",
            "interestIncome": "8500000",
            "interestExpense": "106900000",
            "nonInterestIncome": "2766300000",
            "otherNonOperatingIncome": "33400000",
            "depreciation": "83200000",
            "depreciationAndAmortization": "98100000",
            "incomeBeforeTax": "234300000",
            "incomeTaxExpense": "-75200000",
            "interestAndDebtExpense": "106900000",
            "netIncomeFromContinuingOperations": "307800000",
            "comprehensiveIncomeNetOfTax": "401000000",
            "ebit": "366000000",
            "ebitda": "439300000",
            "netIncome": "309500000"
        },
        {
            "fiscalDateEnding": "2021-02-28",
            "reportedCurrency": "USD",
            "grossProfit": "352200000",
            "totalRevenue": "2675800000",
            "costOfRevenue": "2323600000",
            "costofGoodsAndServicesSold": "2012700000",
            "operatingIncome": "545400000",
            "sellingGeneralAndAdministrative": "309700000",
            "researchAndDevelopment": "None",
            "operatingExpenses": "324600000",
            "investmentIncomeNet": "400000",
            "netInterestIncome": "-100600000",
            "interestIncome": "400000",
            "interestExpense": "101000000",
            "nonInterestIncome": "2776400000",
            "otherNonOperatingIncome": "21500000",
            "depreciation": "81700000",
            "depreciationAndAmortization": "96600000",
            "incomeBeforeTax": "383000000",
            "incomeTaxExpense": "101600000",
            "interestAndDebtExpense": "101000000",
            "netIncomeFromContinuingOperations": "281700000",
            "comprehensiveIncomeNetOfTax": "280800000",
            "ebit": "545400000",
            "ebitda": "580600000",
            "netIncome": "281400000"
        },
        {
            "fiscalDateEnding": "2020-11-29",
            "reportedCurrency": "USD",
            "grossProfit": "422300000",
            "totalRevenue": "2887600000",
            "costOfRevenue": "2465300000",
            "costofGoodsAndServicesSold": "2106300000",
            "operatingIncome": "642500000",
            "sellingGeneralAndAdministrative": "357700000",
            "researchAndDevelopment": "None",
            "operatingExpenses": "372700000",
            "investmentIncomeNet": "400000",
            "netInterestIncome": "-107700000",
            "interestIncome": "400000",
            "interestExpense": "108100000",
            "nonInterestIncome": "2995300000",
            "otherNonOperatingIncome": "23000000",
            "depreciation": "82800000",
            "depreciationAndAmortization": "97800000",
            "incomeBeforeTax": "459600000",
            "incomeTaxExpense": "80700000",
            "interestAndDebtExpense": "108100000",
            "netIncomeFromContinuingOperations": "379500000",
            "comprehensiveIncomeNetOfTax": "389600000",
            "ebit": "642500000",
            "ebitda": "665500000",
            "netIncome": "378900000"
        },
        {
            "fiscalDateEnding": "2020-08-30",
            "reportedCurrency": "USD",
            "grossProfit": "307400000",
            "totalRevenue": "2561200000",
            "costOfRevenue": "2253800000",
            "costofGoodsAndServicesSold": "1868700000",
            "operatingIncome": "587100000",
            "sellingGeneralAndAdministrative": "300300000",
            "researchAndDevelopment": "None",
            "operatingExpenses": "398900000",
            "investmentIncomeNet": "800000",
            "netInterestIncome": "-113700000",
            "interestIncome": "800000",
            "interestExpense": "114500000",
            "nonInterestIncome": "2674900000",
            "otherNonOperatingIncome": "6500000",
            "depreciation": "80300000",
            "depreciationAndAmortization": "95200000",
            "incomeBeforeTax": "415700000",
            "incomeTaxExpense": "86700000",
            "interestAndDebtExpense": "114500000",
            "netIncomeFromContinuingOperations": "329800000",
            "comprehensiveIncomeNetOfTax": "342800000",
            "ebit": "587100000",
            "ebitda": "625400000",
            "netIncome": "329000000"
        },
        {
            "fiscalDateEnding": "2020-05-31",
            "reportedCurrency": "USD",
            "grossProfit": "922800000",
            "totalRevenue": "3287900000",
            "costOfRevenue": "3167200000",
            "costofGoodsAndServicesSold": "2365100000",
            "operatingIncome": "497000000",
            "sellingGeneralAndAdministrative": "532000000",
            "researchAndDevelopment": "None",
            "operatingExpenses": "831200000",
            "investmentIncomeNet": "800000",
            "netInterestIncome": "-125300000",
            "interestIncome": "3200000",
            "interestExpense": "128500000",
            "nonInterestIncome": "3287900000",
            "otherNonOperatingIncome": "22900000",
            "depreciation": "81500000",
            "depreciationAndAmortization": "96400000",
            "incomeBeforeTax": "261200000",
            "incomeTaxExpense": "59800000",
            "interestAndDebtExpense": "128500000",
            "netIncomeFromContinuingOperations": "201400000",
            "comprehensiveIncomeNetOfTax": "163800000",
            "ebit": "497000000",
            "ebitda": "486100000",
            "netIncome": "201400000"
        },
        {
            "fiscalDateEnding": "2020-02-23",
            "reportedCurrency": "USD",
            "grossProfit": "684400000",
            "totalRevenue": "2431600000",
            "costOfRevenue": "2189000000",
            "costofGoodsAndServicesSold": "1870600000",
            "operatingIncome": "439600000",
            "sellingGeneralAndAdministrative": "319900000",
            "researchAndDevelopment": "None",
            "operatingExpenses": "334800000",
            "investmentIncomeNet": "1300000",
            "netInterestIncome": "-117700000",
            "interestIncome": "3500000",
            "interestExpense": "121200000",
            "nonInterestIncome": "2549300000",
            "otherNonOperatingIncome": "10400000",
            "depreciation": "84200000",
            "depreciationAndAmortization": "99100000",
            "incomeBeforeTax": "273300000",
            "incomeTaxExpense": "68900000",
            "interestAndDebtExpense": "121200000",
            "netIncomeFromContinuingOperations": "204400000",
            "comprehensiveIncomeNetOfTax": "263400000",
            "ebit": "439600000",
            "ebitda": "493600000",
            "netIncome": "204400000"
        },
        {
            "fiscalDateEnding": "2019-11-24",
            "reportedCurrency": "USD",
            "grossProfit": "797900000",
            "totalRevenue": "2699900000",
            "costOfRevenue": "2396400000",
            "costofGoodsAndServicesSold": "2022900000",
            "operatingIncome": "515800000",
            "sellingGeneralAndAdministrative": "369800000",
            "researchAndDevelopment": "None",
            "operatingExpenses": "384800000",
            "investmentIncomeNet": "400000",
            "netInterestIncome": "-121400000",
            "interestIncome": "2600000",
            "interestExpense": "124000000",
            "nonInterestIncome": "2821300000",
            "otherNonOperatingIncome": "27600000",
            "depreciation": "81700000",
            "depreciationAndAmortization": "96700000",
            "incomeBeforeTax": "344600000",
            "incomeTaxExpense": "84100000",
            "interestAndDebtExpense": "124000000",
            "netIncomeFromContinuingOperations": "260500000",
            "comprehensiveIncomeNetOfTax": "261900000",
            "ebit": "515800000",
            "ebitda": "565300000",
            "netIncome": "260500000"
        },
        {
            "fiscalDateEnding": "2019-08-25",
            "reportedCurrency": "USD",
            "grossProfit": "664500000",
            "totalRevenue": "2259000000",
            "costOfRevenue": "2281200000",
            "costofGoodsAndServicesSold": "1726200000",
            "operatingIncome": "363200000",
            "sellingGeneralAndAdministrative": "400800000",
            "researchAndDevelopment": "None",
            "operatingExpenses": "566200000",
            "investmentIncomeNet": "600000",
            "netInterestIncome": "-122700000",
            "interestIncome": "600000",
            "interestExpense": "123300000",
            "nonInterestIncome": "2381700000",
            "otherNonOperatingIncome": "12300000",
            "depreciation": "81700000",
            "depreciationAndAmortization": "96700000",
            "incomeBeforeTax": "162300000",
            "incomeTaxExpense": "-11500000",
            "interestAndDebtExpense": "123300000",
            "netIncomeFromContinuingOperations": "173800000",
            "comprehensiveIncomeNetOfTax": "151700000",
            "ebit": "363200000",
            "ebitda": "382300000",
            "netIncome": "173800000"
        },
        {
            "fiscalDateEnding": "2019-05-26",
            "reportedCurrency": "USD",
            "grossProfit": "708000000",
            "totalRevenue": "2613200000",
            "costOfRevenue": "2485700000",
            "costofGoodsAndServicesSold": "1905200000",
            "operatingIncome": "388700000",
            "sellingGeneralAndAdministrative": "394700000",
            "researchAndDevelopment": "None",
            "operatingExpenses": "585800000",
            "investmentIncomeNet": "1800000",
            "netInterestIncome": "-130900000",
            "interestIncome": "1800000",
            "interestExpense": "132700000",
            "nonInterestIncome": "2613200000",
            "otherNonOperatingIncome": "9200000",
            "depreciation": "85300000",
            "depreciationAndAmortization": "100400000",
            "incomeBeforeTax": "198300000",
            "incomeTaxExpense": "71800000",
            "interestAndDebtExpense": "138200000",
            "netIncomeFromContinuingOperations": "126500000",
            "comprehensiveIncomeNetOfTax": "101900000",
            "ebit": "388700000",
            "ebitda": "431400000",
            "netIncome": "126500000"
        },
        {
            "fiscalDateEnding": "2019-02-24",
            "reportedCurrency": "USD",
            "grossProfit": "752300000",
            "totalRevenue": "2577000000",
            "costOfRevenue": "2294300000",
            "costofGoodsAndServicesSold": "1954800000",
            "operatingIncome": "480800000",
            "sellingGeneralAndAdministrative": "334100000",
            "researchAndDevelopment": "None",
            "operatingExpenses": "349300000",
            "investmentIncomeNet": "1900000",
            "netInterestIncome": "-130900000",
            "interestIncome": "1900000",
            "interestExpense": "132800000",
            "nonInterestIncome": "2707900000",
            "otherNonOperatingIncome": "12700000",
            "depreciation": "77400000",
            "depreciationAndAmortization": "92300000",
            "incomeBeforeTax": "309200000",
            "incomeTaxExpense": "67200000",
            "interestAndDebtExpense": "132800000",
            "netIncomeFromContinuingOperations": "242000000",
            "comprehensiveIncomeNetOfTax": "247800000",
            "ebit": "480800000",
            "ebitda": "534300000",
            "netIncome": "242000000"
        },
        {
            "fiscalDateEnding": "2018-11-25",
            "reportedCurrency": "USD",
            "grossProfit": "677200000",
            "totalRevenue": "2305400000",
            "costOfRevenue": "2196200000",
            "costofGoodsAndServicesSold": "1706500000",
            "operatingIncome": "433300000",
            "sellingGeneralAndAdministrative": "487300000",
            "researchAndDevelopment": "None",
            "operatingExpenses": "499400000",
            "investmentIncomeNet": "2500000",
            "netInterestIncome": "-80600000",
            "interestIncome": "2500000",
            "interestExpense": "83100000",
            "nonInterestIncome": "2386000000",
            "otherNonOperatingIncome": "37700000",
            "depreciation": "65800000",
            "depreciationAndAmortization": "76600000",
            "incomeBeforeTax": "154000000",
            "incomeTaxExpense": "22400000",
            "interestAndDebtExpense": "83100000",
            "netIncomeFromContinuingOperations": "133500000",
            "comprehensiveIncomeNetOfTax": "195800000",
            "ebit": "433300000",
            "ebitda": "313700000",
            "netIncome": "131600000"
        },
        {
            "fiscalDateEnding": "2018-08-26",
            "reportedCurrency": "USD",
            "grossProfit": "515500000",
            "totalRevenue": "1792200000",
            "costOfRevenue": "1630200000",
            "costofGoodsAndServicesSold": "1318900000",
            "operatingIncome": "339000000",
            "sellingGeneralAndAdministrative": "257300000",
            "researchAndDevelopment": "None",
            "operatingExpenses": "308200000",
            "investmentIncomeNet": "600000",
            "netInterestIncome": "-49000000",
            "interestIncome": "600000",
            "interestExpense": "49600000",
            "nonInterestIncome": "1841200000",
            "otherNonOperatingIncome": "16200000",
            "depreciation": "55400000",
            "depreciationAndAmortization": "63700000",
            "incomeBeforeTax": "235600000",
            "incomeTaxExpense": "57400000",
            "interestAndDebtExpense": "49600000",
            "netIncomeFromContinuingOperations": "178200000",
            "comprehensiveIncomeNetOfTax": "133600000",
            "ebit": "339000000",
            "ebitda": "348900000",
            "netIncome": "178200000"
        },
        {
            "fiscalDateEnding": "2018-05-27",
            "reportedCurrency": "USD",
            "grossProfit": "575400000",
            "totalRevenue": "1966200000",
            "costOfRevenue": "1901200000",
            "costofGoodsAndServicesSold": "1390800000",
            "operatingIncome": "341200000",
            "sellingGeneralAndAdministrative": "461900000",
            "researchAndDevelopment": "47300000",
            "operatingExpenses": "557700000",
            "investmentIncomeNet": "1000000",
            "netInterestIncome": "-44500000",
            "interestIncome": "1000000",
            "interestExpense": "45500000",
            "nonInterestIncome": "1966200000",
            "otherNonOperatingIncome": "17700000",
            "depreciation": "54900000",
            "depreciationAndAmortization": "63600000",
            "incomeBeforeTax": "106100000",
            "incomeTaxExpense": "36500000",
            "interestAndDebtExpense": "45500000",
            "netIncomeFromContinuingOperations": "69900000",
            "comprehensiveIncomeNetOfTax": "135300000",
            "ebit": "341200000",
            "ebitda": "215200000",
            "netIncome": "69600000"
        },
        {
            "fiscalDateEnding": "2018-02-25",
            "reportedCurrency": "USD",
            "grossProfit": "598800000",
            "totalRevenue": "1954200000",
            "costOfRevenue": "1734800000",
            "costofGoodsAndServicesSold": "1395700000",
            "operatingIncome": "355200000",
            "sellingGeneralAndAdministrative": "352100000",
            "researchAndDevelopment": "None",
            "operatingExpenses": "339100000",
            "investmentIncomeNet": "800000",
            "netInterestIncome": "-39800000",
            "interestIncome": "800000",
            "interestExpense": "40600000",
            "nonInterestIncome": "-500000",
            "otherNonOperatingIncome": "29000000",
            "depreciation": "55500000",
            "depreciationAndAmortization": "64400000",
            "incomeBeforeTax": "271400000",
            "incomeTaxExpense": "-91400000",
            "interestAndDebtExpense": "40600000",
            "netIncomeFromContinuingOperations": "348300000",
            "comprehensiveIncomeNetOfTax": "369900000",
            "ebit": "355200000",
            "ebitda": "376400000",
            "netIncome": "362800000"
        }
    ]
}