{
    "symbol": "CCL",
    "annualReports": [
        {
            "fiscalDateEnding": "2022-11-30",
            "reportedCurrency": "USD",
            "grossProfit": "5298000000",
            "totalRevenue": "10558000000",
            "costOfRevenue": "5260000000",
            "costofGoodsAndServicesSold": "11757000000",
            "operatingIncome": "-4379000000",
            "sellingGeneralAndAdministrative": "2515000000",
            "researchAndDevelopment": "None",
            "operatingExpenses": "14272000000",
            "investmentIncomeNet": "74000000",
            "netInterestIncome": "-1609000000",
            "interestIncome": "1535000000",
            "interestExpense": "1609000000",
            "nonInterestIncome": "12167000000",
            "otherNonOperatingIncome": "-165000000",
            "depreciation": "None",
            "depreciationAndAmortization": "2275000000",
            "incomeBeforeTax": "-6079000000",
            "incomeTaxExpense": "14000000",
            "interestAndDebtExpense": "1610000000",
            "netIncomeFromContinuingOperations": "-6132000000",
            "comprehensiveIncomeNetOfTax": "-6574000000",
            "ebit": "-4470000000",
            "ebitda": "-2195000000",
            "netIncome": "-6093000000"
        },
        {
            "fiscalDateEnding": "2021-11-30",
            "reportedCurrency": "USD",
            "grossProfit": "-5313000000",
            "totalRevenue": "1908000000",
            "costOfRevenue": "4952000000",
            "costofGoodsAndServicesSold": "4655000000",
            "operatingIncome": "-7089000000",
            "sellingGeneralAndAdministrative": "1885000000",
            "researchAndDevelopment": "None",
            "operatingExpenses": "4952000000",
            "investmentIncomeNet": "12000000",
            "netInterestIncome": "-1601000000",
            "interestIncome": "2259000000",
            "interestExpense": "1601000000",
            "nonInterestIncome": "1240000000",
            "otherNonOperatingIncome": "-173000000",
            "depreciation": "None",
            "depreciationAndAmortization": "2233000000",
            "incomeBeforeTax": "-9522000000",
            "incomeTaxExpense": "-21000000",
            "interestAndDebtExpense": "2269000000",
            "netIncomeFromContinuingOperations": "-9630000000",
            "comprehensiveIncomeNetOfTax": "-9567000000",
            "ebit": "-7921000000",
            "ebitda": "-5688000000",
            "netIncome": "-9501000000"
        },
        {
            "fiscalDateEnding": "2020-11-30",
            "reportedCurrency": "USD",
            "grossProfit": "-3946000000",
            "totalRevenue": "4236000000",
            "costOfRevenue": "8182000000",
            "costofGoodsAndServicesSold": "8245000000",
            "operatingIncome": "-8865000000",
            "sellingGeneralAndAdministrative": "1878000000",
            "researchAndDevelopment": "None",
            "operatingExpenses": "8182000000",
            "investmentIncomeNet": "18000000",
            "netInterestIncome": "-895000000",
            "interestIncome": "18000000",
            "interestExpense": "895000000",
            "nonInterestIncome": "5131000000",
            "otherNonOperatingIncome": "-52000000",
            "depreciation": "None",
            "depreciationAndAmortization": "2241000000",
            "incomeBeforeTax": "-10253000000",
            "incomeTaxExpense": "-17000000",
            "interestAndDebtExpense": "1359000000",
            "netIncomeFromContinuingOperations": "-10236000000",
            "comprehensiveIncomeNetOfTax": "-9606000000",
            "ebit": "-9358000000",
            "ebitda": "-7117000000",
            "netIncome": "-10236000000"
        },
        {
            "fiscalDateEnding": "2019-11-30",
            "reportedCurrency": "USD",
            "grossProfit": "7710000000",
            "totalRevenue": "20619000000",
            "costOfRevenue": "12909000000",
            "costofGoodsAndServicesSold": "12909000000",
            "operatingIncome": "3276000000",
            "sellingGeneralAndAdministrative": "2480000000",
            "researchAndDevelopment": "None",
            "operatingExpenses": "4666000000",
            "investmentIncomeNet": "23000000",
            "netInterestIncome": "-206000000",
            "interestIncome": "183000000",
            "interestExpense": "206000000",
            "nonInterestIncome": "20825000000",
            "otherNonOperatingIncome": "-32000000",
            "depreciation": "None",
            "depreciationAndAmortization": "2160000000",
            "incomeBeforeTax": "3061000000",
            "incomeTaxExpense": "71000000",
            "interestAndDebtExpense": "206000000",
            "netIncomeFromContinuingOperations": "2989000000",
            "comprehensiveIncomeNetOfTax": "2873000000",
            "ebit": "3267000000",
            "ebitda": "5427000000",
            "netIncome": "2990000000"
        },
        {
            "fiscalDateEnding": "2018-11-30",
            "reportedCurrency": "USD",
            "grossProfit": "7792000000",
            "totalRevenue": "18881000000",
            "costOfRevenue": "11089000000",
            "costofGoodsAndServicesSold": "11089000000",
            "operatingIncome": "3325000000",
            "sellingGeneralAndAdministrative": "2450000000",
            "researchAndDevelopment": "None",
            "operatingExpenses": "4483000000",
            "investmentIncomeNet": "14000000",
            "netInterestIncome": "-194000000",
            "interestIncome": "14000000",
            "interestExpense": "194000000",
            "nonInterestIncome": "59000000",
            "otherNonOperatingIncome": "3000000",
            "depreciation": "None",
            "depreciationAndAmortization": "2017000000",
            "incomeBeforeTax": "3206000000",
            "incomeTaxExpense": "54000000",
            "interestAndDebtExpense": "194000000",
            "netIncomeFromContinuingOperations": "3153000000",
            "comprehensiveIncomeNetOfTax": "2986000000",
            "ebit": "3400000000",
            "ebitda": "5417000000",
            "netIncome": "3152000000"
        }
    ],
    "quarterlyReports": [
        {
            "fiscalDateEnding": "2022-11-30",
            "reportedCurrency": "USD",
            "grossProfit": "6222000000",
            "totalRevenue": "3390000000",
            "costOfRevenue": "-2832000000",
            "costofGoodsAndServicesSold": "3665000000",
            "operatingIncome": "-1135000000",
            "sellingGeneralAndAdministrative": "741000000",
            "researchAndDevelopment": "None",
            "operatingExpenses": "10783000000",
            "investmentIncomeNet": "40000000",
            "netInterestIncome": "-448000000",
            "interestIncome": "408000000",
            "interestExpense": "448000000",
            "nonInterestIncome": "3838000000",
            "otherNonOperatingIncome": "-57000000",
            "depreciation": "None",
            "depreciationAndAmortization": "568000000",
            "incomeBeforeTax": "-1601000000",
            "incomeTaxExpense": "-3000000",
            "interestAndDebtExpense": "449000000",
            "netIncomeFromContinuingOperations": "-1637000000",
            "comprehensiveIncomeNetOfTax": "-1556000000",
            "ebit": "-1153000000",
            "ebitda": "-585000000",
            "netIncome": "-1598000000"
        },
        {
            "fiscalDateEnding": "2022-08-31",
            "reportedCurrency": "USD",
            "grossProfit": "504000000",
            "totalRevenue": "3883000000",
            "costOfRevenue": "3379000000",
            "costofGoodsAndServicesSold": "3379000000",
            "operatingIncome": "-279000000",
            "sellingGeneralAndAdministrative": "625000000",
            "researchAndDevelopment": "None",
            "operatingExpenses": "1206000000",
            "investmentIncomeNet": "24000000",
            "netInterestIncome": "-422000000",
            "interestIncome": "398000000",
            "interestExpense": "422000000",
            "nonInterestIncome": "4305000000",
            "otherNonOperatingIncome": "-81000000",
            "depreciation": "None",
            "depreciationAndAmortization": "581000000",
            "incomeBeforeTax": "-759000000",
            "incomeTaxExpense": "11000000",
            "interestAndDebtExpense": "422000000",
            "netIncomeFromContinuingOperations": "-770000000",
            "comprehensiveIncomeNetOfTax": "-1052000000",
            "ebit": "-337000000",
            "ebitda": "244000000",
            "netIncome": "-770000000"
        },
        {
            "fiscalDateEnding": "2022-05-31",
            "reportedCurrency": "USD",
            "grossProfit": "-652000000",
            "totalRevenue": "2031000000",
            "costOfRevenue": "2683000000",
            "costofGoodsAndServicesSold": "2683000000",
            "operatingIncome": "-1473000000",
            "sellingGeneralAndAdministrative": "619000000",
            "researchAndDevelopment": "None",
            "operatingExpenses": "1191000000",
            "investmentIncomeNet": "6000000",
            "netInterestIncome": "-370000000",
            "interestIncome": "6000000",
            "interestExpense": "370000000",
            "nonInterestIncome": "2401000000",
            "otherNonOperatingIncome": "6000000",
            "depreciation": "None",
            "depreciationAndAmortization": "572000000",
            "incomeBeforeTax": "-1831000000",
            "incomeTaxExpense": "3000000",
            "interestAndDebtExpense": "370000000",
            "netIncomeFromContinuingOperations": "-1834000000",
            "comprehensiveIncomeNetOfTax": "-2091000000",
            "ebit": "-1461000000",
            "ebitda": "-889000000",
            "netIncome": "-1834000000"
        },
        {
            "fiscalDateEnding": "2022-02-28",
            "reportedCurrency": "USD",
            "grossProfit": "-775000000",
            "totalRevenue": "1255000000",
            "costOfRevenue": "2030000000",
            "costofGoodsAndServicesSold": "2030000000",
            "operatingIncome": "-1491000000",
            "sellingGeneralAndAdministrative": "530000000",
            "researchAndDevelopment": "None",
            "operatingExpenses": "1092000000",
            "investmentIncomeNet": "3000000",
            "netInterestIncome": "-368000000",
            "interestIncome": "3000000",
            "interestExpense": "368000000",
            "nonInterestIncome": "1623000000",
            "otherNonOperatingIncome": "-32000000",
            "depreciation": "None",
            "depreciationAndAmortization": "554000000",
            "incomeBeforeTax": "-1888000000",
            "incomeTaxExpense": "3000000",
            "interestAndDebtExpense": "368000000",
            "netIncomeFromContinuingOperations": "-1902000000",
            "comprehensiveIncomeNetOfTax": "-1876000000",
            "ebit": "-1520000000",
            "ebitda": "-966000000",
            "netIncome": "-1891000000"
        },
        {
            "fiscalDateEnding": "2021-11-30",
            "reportedCurrency": "USD",
            "grossProfit": "-1477000000",
            "totalRevenue": "643000000",
            "costOfRevenue": "2120000000",
            "costofGoodsAndServicesSold": "1823000000",
            "operatingIncome": "-1893000000",
            "sellingGeneralAndAdministrative": "580000000",
            "researchAndDevelopment": "None",
            "operatingExpenses": "1425000000",
            "investmentIncomeNet": "2000000",
            "netInterestIncome": "-348000000",
            "interestIncome": "644000000",
            "interestExpense": "348000000",
            "nonInterestIncome": "991000000",
            "otherNonOperatingIncome": "-86000000",
            "depreciation": "None",
            "depreciationAndAmortization": "552000000",
            "incomeBeforeTax": "-2624000000",
            "incomeTaxExpense": "-4000000",
            "interestAndDebtExpense": "644000000",
            "netIncomeFromContinuingOperations": "-2749000000",
            "comprehensiveIncomeNetOfTax": "-2773000000",
            "ebit": "-2276000000",
            "ebitda": "-1724000000",
            "netIncome": "-2620000000"
        },
        {
            "fiscalDateEnding": "2021-08-31",
            "reportedCurrency": "USD",
            "grossProfit": "-1864000000",
            "totalRevenue": "546000000",
            "costOfRevenue": "1616000000",
            "costofGoodsAndServicesSold": "1616000000",
            "operatingIncome": "-2057000000",
            "sellingGeneralAndAdministrative": "425000000",
            "researchAndDevelopment": "None",
            "operatingExpenses": "1462000000",
            "investmentIncomeNet": "3000000",
            "netInterestIncome": "-418000000",
            "interestIncome": "791000000",
            "interestExpense": "418000000",
            "nonInterestIncome": "170000000",
            "otherNonOperatingIncome": "-11000000",
            "depreciation": "None",
            "depreciationAndAmortization": "562000000",
            "incomeBeforeTax": "-2859000000",
            "incomeTaxExpense": "-23000000",
            "interestAndDebtExpense": "794000000",
            "netIncomeFromContinuingOperations": "-2836000000",
            "comprehensiveIncomeNetOfTax": "-3059000000",
            "ebit": "-2441000000",
            "ebitda": "-1879000000",
            "netIncome": "-2836000000"
        },
        {
            "fiscalDateEnding": "2021-05-31",
            "reportedCurrency": "USD",
            "grossProfit": "-1068000000",
            "totalRevenue": "49000000",
            "costOfRevenue": "681000000",
            "costofGoodsAndServicesSold": "681000000",
            "operatingIncome": "-1616000000",
            "sellingGeneralAndAdministrative": "417000000",
            "researchAndDevelopment": "None",
            "operatingExpenses": "984000000",
            "investmentIncomeNet": "4000000",
            "netInterestIncome": "-437000000",
            "interestIncome": "433000000",
            "interestExpense": "437000000",
            "nonInterestIncome": "50000000",
            "otherNonOperatingIncome": "-13000000",
            "depreciation": "None",
            "depreciationAndAmortization": "567000000",
            "incomeBeforeTax": "-2060000000",
            "incomeTaxExpense": "12000000",
            "interestAndDebtExpense": "437000000",
            "netIncomeFromContinuingOperations": "-2072000000",
            "comprehensiveIncomeNetOfTax": "-1965000000",
            "ebit": "-1623000000",
            "ebitda": "-1056000000",
            "netIncome": "-2072000000"
        },
        {
            "fiscalDateEnding": "2021-02-28",
            "reportedCurrency": "USD",
            "grossProfit": "-907000000",
            "totalRevenue": "26000000",
            "costOfRevenue": "535000000",
            "costofGoodsAndServicesSold": "535000000",
            "operatingIncome": "-1524000000",
            "sellingGeneralAndAdministrative": "462000000",
            "researchAndDevelopment": "None",
            "operatingExpenses": "1031000000",
            "investmentIncomeNet": "3000000",
            "netInterestIncome": "-398000000",
            "interestIncome": "3000000",
            "interestExpense": "398000000",
            "nonInterestIncome": "26000000",
            "otherNonOperatingIncome": "-62000000",
            "depreciation": "None",
            "depreciationAndAmortization": "552000000",
            "incomeBeforeTax": "-1979000000",
            "incomeTaxExpense": "-6000000",
            "interestAndDebtExpense": "398000000",
            "netIncomeFromContinuingOperations": "-1973000000",
            "comprehensiveIncomeNetOfTax": "-1770000000",
            "ebit": "-1581000000",
            "ebitda": "-1029000000",
            "netIncome": "-1973000000"
        },
        {
            "fiscalDateEnding": "2020-11-30",
            "reportedCurrency": "USD",
            "grossProfit": "-1180000000",
            "totalRevenue": "33000000",
            "costOfRevenue": "626000000",
            "costofGoodsAndServicesSold": "689000000",
            "operatingIncome": "-1642000000",
            "sellingGeneralAndAdministrative": "443000000",
            "researchAndDevelopment": "None",
            "operatingExpenses": "1124000000",
            "investmentIncomeNet": "3000000",
            "netInterestIncome": "-348000000",
            "interestIncome": "3000000",
            "interestExpense": "348000000",
            "nonInterestIncome": "-206000000",
            "otherNonOperatingIncome": "-11000000",
            "depreciation": "None",
            "depreciationAndAmortization": "543000000",
            "incomeBeforeTax": "-2237000000",
            "incomeTaxExpense": "-15000000",
            "interestAndDebtExpense": "588000000",
            "netIncomeFromContinuingOperations": "-2222000000",
            "comprehensiveIncomeNetOfTax": "-2219000000",
            "ebit": "-1889000000",
            "ebitda": "-1346000000",
            "netIncome": "-2222000000"
        },
        {
            "fiscalDateEnding": "2020-08-31",
            "reportedCurrency": "USD",
            "grossProfit": "-1828000000",
            "totalRevenue": "31000000",
            "costOfRevenue": "1549000000",
            "costofGoodsAndServicesSold": "1549000000",
            "operatingIncome": "-2333000000",
            "sellingGeneralAndAdministrative": "265000000",
            "researchAndDevelopment": "None",
            "operatingExpenses": "816000000",
            "investmentIncomeNet": "3000000",
            "netInterestIncome": "-310000000",
            "interestIncome": "307000000",
            "interestExpense": "310000000",
            "nonInterestIncome": "31000000",
            "otherNonOperatingIncome": "-1000000",
            "depreciation": "None",
            "depreciationAndAmortization": "551000000",
            "incomeBeforeTax": "-2860000000",
            "incomeTaxExpense": "-2000000",
            "interestAndDebtExpense": "310000000",
            "netIncomeFromContinuingOperations": "-2859000000",
            "comprehensiveIncomeNetOfTax": "-2335000000",
            "ebit": "-2550000000",
            "ebitda": "-1999000000",
            "netIncome": "-2858000000"
        },
        {
            "fiscalDateEnding": "2020-05-31",
            "reportedCurrency": "USD",
            "grossProfit": "-1926000000",
            "totalRevenue": "558000000",
            "costOfRevenue": "2484000000",
            "costofGoodsAndServicesSold": "2484000000",
            "operatingIncome": "-4177000000",
            "sellingGeneralAndAdministrative": "492000000",
            "researchAndDevelopment": "None",
            "operatingExpenses": "2469000000",
            "investmentIncomeNet": "6000000",
            "netInterestIncome": "-182000000",
            "interestIncome": "6000000",
            "interestExpense": "182000000",
            "nonInterestIncome": "740000000",
            "otherNonOperatingIncome": "-32000000",
            "depreciation": "None",
            "depreciationAndAmortization": "577000000",
            "incomeBeforeTax": "-4385000000",
            "incomeTaxExpense": "-11000000",
            "interestAndDebtExpense": "182000000",
            "netIncomeFromContinuingOperations": "-4374000000",
            "comprehensiveIncomeNetOfTax": "-4309000000",
            "ebit": "-4203000000",
            "ebitda": "-3626000000",
            "netIncome": "-4374000000"
        },
        {
            "fiscalDateEnding": "2020-02-29",
            "reportedCurrency": "USD",
            "grossProfit": "1211000000",
            "totalRevenue": "4734000000",
            "costOfRevenue": "3523000000",
            "costofGoodsAndServicesSold": "3523000000",
            "operatingIncome": "-713000000",
            "sellingGeneralAndAdministrative": "678000000",
            "researchAndDevelopment": "None",
            "operatingExpenses": "2310000000",
            "investmentIncomeNet": "5000000",
            "netInterestIncome": "-55000000",
            "interestIncome": "5000000",
            "interestExpense": "55000000",
            "nonInterestIncome": "4789000000",
            "otherNonOperatingIncome": "-7000000",
            "depreciation": "None",
            "depreciationAndAmortization": "570000000",
            "incomeBeforeTax": "-770000000",
            "incomeTaxExpense": "11000000",
            "interestAndDebtExpense": "55000000",
            "netIncomeFromContinuingOperations": "-781000000",
            "comprehensiveIncomeNetOfTax": "-743000000",
            "ebit": "-715000000",
            "ebitda": "-145000000",
            "netIncome": "-781000000"
        },
        {
            "fiscalDateEnding": "2019-11-30",
            "reportedCurrency": "USD",
            "grossProfit": "1657000000",
            "totalRevenue": "4733000000",
            "costOfRevenue": "3076000000",
            "costofGoodsAndServicesSold": "3076000000",
            "operatingIncome": "485000000",
            "sellingGeneralAndAdministrative": "667000000",
            "researchAndDevelopment": "None",
            "operatingExpenses": "1220000000",
            "investmentIncomeNet": "7000000",
            "netInterestIncome": "-49000000",
            "interestIncome": "42000000",
            "interestExpense": "49000000",
            "nonInterestIncome": "4782000000",
            "otherNonOperatingIncome": "-5000000",
            "depreciation": "None",
            "depreciationAndAmortization": "553000000",
            "incomeBeforeTax": "438000000",
            "incomeTaxExpense": "15000000",
            "interestAndDebtExpense": "49000000",
            "netIncomeFromContinuingOperations": "421000000",
            "comprehensiveIncomeNetOfTax": "540000000",
            "ebit": "487000000",
            "ebitda": "1040000000",
            "netIncome": "423000000"
        },
        {
            "fiscalDateEnding": "2019-08-31",
            "reportedCurrency": "USD",
            "grossProfit": "2949000000",
            "totalRevenue": "6481000000",
            "costOfRevenue": "3532000000",
            "costofGoodsAndServicesSold": "3532000000",
            "operatingIncome": "1890000000",
            "sellingGeneralAndAdministrative": "563000000",
            "researchAndDevelopment": "None",
            "operatingExpenses": "1111000000",
            "investmentIncomeNet": "8000000",
            "netInterestIncome": "-52000000",
            "interestIncome": "8000000",
            "interestExpense": "52000000",
            "nonInterestIncome": "6533000000",
            "otherNonOperatingIncome": "-19000000",
            "depreciation": "None",
            "depreciationAndAmortization": "548000000",
            "incomeBeforeTax": "1827000000",
            "incomeTaxExpense": "47000000",
            "interestAndDebtExpense": "52000000",
            "netIncomeFromContinuingOperations": "1780000000",
            "comprehensiveIncomeNetOfTax": "1674000000",
            "ebit": "1879000000",
            "ebitda": "2427000000",
            "netIncome": "1780000000"
        },
        {
            "fiscalDateEnding": "2019-05-31",
            "reportedCurrency": "USD",
            "grossProfit": "1625000000",
            "totalRevenue": "4784000000",
            "costOfRevenue": "3159000000",
            "costofGoodsAndServicesSold": "3159000000",
            "operatingIncome": "515000000",
            "sellingGeneralAndAdministrative": "621000000",
            "researchAndDevelopment": "None",
            "operatingExpenses": "1163000000",
            "investmentIncomeNet": "5000000",
            "netInterestIncome": "-54000000",
            "interestIncome": "5000000",
            "interestExpense": "54000000",
            "nonInterestIncome": "4838000000",
            "otherNonOperatingIncome": "-7000000",
            "depreciation": "None",
            "depreciationAndAmortization": "542000000",
            "incomeBeforeTax": "459000000",
            "incomeTaxExpense": "8000000",
            "interestAndDebtExpense": "54000000",
            "netIncomeFromContinuingOperations": "451000000",
            "comprehensiveIncomeNetOfTax": "244000000",
            "ebit": "513000000",
            "ebitda": "1055000000",
            "netIncome": "451000000"
        },
        {
            "fiscalDateEnding": "2019-02-28",
            "reportedCurrency": "USD",
            "grossProfit": "1480000000",
            "totalRevenue": "4622000000",
            "costOfRevenue": "3142000000",
            "costofGoodsAndServicesSold": "3142000000",
            "operatingIncome": "386000000",
            "sellingGeneralAndAdministrative": "629000000",
            "researchAndDevelopment": "None",
            "operatingExpenses": "1145000000",
            "investmentIncomeNet": "4000000",
            "netInterestIncome": "-51000000",
            "interestIncome": "4000000",
            "interestExpense": "51000000",
            "nonInterestIncome": "4673000000",
            "otherNonOperatingIncome": "-2000000",
            "depreciation": "None",
            "depreciationAndAmortization": "516000000",
            "incomeBeforeTax": "338000000",
            "incomeTaxExpense": "2000000",
            "interestAndDebtExpense": "51000000",
            "netIncomeFromContinuingOperations": "336000000",
            "comprehensiveIncomeNetOfTax": "415000000",
            "ebit": "389000000",
            "ebitda": "905000000",
            "netIncome": "336000000"
        },
        {
            "fiscalDateEnding": "2018-11-30",
            "reportedCurrency": "USD",
            "grossProfit": "1715000000",
            "totalRevenue": "4456000000",
            "costOfRevenue": "2741000000",
            "costofGoodsAndServicesSold": "2741000000",
            "operatingIncome": "553000000",
            "sellingGeneralAndAdministrative": "656000000",
            "researchAndDevelopment": "None",
            "operatingExpenses": "1163000000",
            "investmentIncomeNet": "4000000",
            "netInterestIncome": "-47000000",
            "interestIncome": "None",
            "interestExpense": "47000000",
            "nonInterestIncome": "-2000000",
            "otherNonOperatingIncome": "1000000",
            "depreciation": "None",
            "depreciationAndAmortization": "507000000",
            "incomeBeforeTax": "507000000",
            "incomeTaxExpense": "14000000",
            "interestAndDebtExpense": "47000000",
            "netIncomeFromContinuingOperations": "494000000",
            "comprehensiveIncomeNetOfTax": "386000000",
            "ebit": "554000000",
            "ebitda": "1061000000",
            "netIncome": "493000000"
        },
        {
            "fiscalDateEnding": "2018-08-31",
            "reportedCurrency": "USD",
            "grossProfit": "2878000000",
            "totalRevenue": "5836000000",
            "costOfRevenue": "2958000000",
            "costofGoodsAndServicesSold": "2958000000",
            "operatingIncome": "1794000000",
            "sellingGeneralAndAdministrative": "573000000",
            "researchAndDevelopment": "None",
            "operatingExpenses": "1084000000",
            "investmentIncomeNet": "5000000",
            "netInterestIncome": "-49000000",
            "interestIncome": "None",
            "interestExpense": "49000000",
            "nonInterestIncome": "4000000",
            "otherNonOperatingIncome": "-9000000",
            "depreciation": "None",
            "depreciationAndAmortization": "511000000",
            "incomeBeforeTax": "1744000000",
            "incomeTaxExpense": "37000000",
            "interestAndDebtExpense": "49000000",
            "netIncomeFromContinuingOperations": "1707000000",
            "comprehensiveIncomeNetOfTax": "1722000000",
            "ebit": "1793000000",
            "ebitda": "2304000000",
            "netIncome": "1707000000"
        },
        {
            "fiscalDateEnding": "2018-05-31",
            "reportedCurrency": "USD",
            "grossProfit": "1676000000",
            "totalRevenue": "4357000000",
            "costOfRevenue": "2681000000",
            "costofGoodsAndServicesSold": "1181000000",
            "operatingIncome": "559000000",
            "sellingGeneralAndAdministrative": "605000000",
            "researchAndDevelopment": "None",
            "operatingExpenses": "1866000000",
            "investmentIncomeNet": "3000000",
            "netInterestIncome": "-49000000",
            "interestIncome": "None",
            "interestExpense": "49000000",
            "nonInterestIncome": "41000000",
            "otherNonOperatingIncome": "10000000",
            "depreciation": "None",
            "depreciationAndAmortization": "512000000",
            "incomeBeforeTax": "564000000",
            "incomeTaxExpense": "3000000",
            "interestAndDebtExpense": "49000000",
            "netIncomeFromContinuingOperations": "561000000",
            "comprehensiveIncomeNetOfTax": "193000000",
            "ebit": "613000000",
            "ebitda": "1125000000",
            "netIncome": "561000000"
        },
        {
            "fiscalDateEnding": "2018-02-28",
            "reportedCurrency": "USD",
            "grossProfit": "1523000000",
            "totalRevenue": "4232000000",
            "costOfRevenue": "2709000000",
            "costofGoodsAndServicesSold": "1181000000",
            "operatingIncome": "419000000",
            "sellingGeneralAndAdministrative": "616000000",
            "researchAndDevelopment": "None",
            "operatingExpenses": "1815000000",
            "investmentIncomeNet": "3000000",
            "netInterestIncome": "-48000000",
            "interestIncome": "None",
            "interestExpense": "48000000",
            "nonInterestIncome": "16000000",
            "otherNonOperatingIncome": "1000000",
            "depreciation": "None",
            "depreciationAndAmortization": "488000000",
            "incomeBeforeTax": "391000000",
            "incomeTaxExpense": "0",
            "interestAndDebtExpense": "48000000",
            "netIncomeFromContinuingOperations": "390000000",
            "comprehensiveIncomeNetOfTax": "686000000",
            "ebit": "439000000",
            "ebitda": "927000000",
            "netIncome": "391000000"
        }
    ]
}