{
    "symbol": "COO",
    "annualReports": [
        {
            "fiscalDateEnding": "2022-10-31",
            "reportedCurrency": "USD",
            "grossProfit": "2139600000",
            "totalRevenue": "3229100000",
            "costOfRevenue": "3072100000",
            "costofGoodsAndServicesSold": "1168800000",
            "operatingIncome": "507600000",
            "sellingGeneralAndAdministrative": "1342200000",
            "researchAndDevelopment": "110300000",
            "operatingExpenses": "2013600000",
            "investmentIncomeNet": "None",
            "netInterestIncome": "-57300000",
            "interestIncome": "57300000",
            "interestExpense": "57300000",
            "nonInterestIncome": "3286400000",
            "otherNonOperatingIncome": "25000000",
            "depreciation": "166600000",
            "depreciationAndAmortization": "525600000",
            "incomeBeforeTax": "475300000",
            "incomeTaxExpense": "89500000",
            "interestAndDebtExpense": "57300000",
            "netIncomeFromContinuingOperations": "385800000",
            "comprehensiveIncomeNetOfTax": "260300000",
            "ebit": "532600000",
            "ebitda": "1058200000",
            "netIncome": "385800000"
        },
        {
            "fiscalDateEnding": "2021-10-31",
            "reportedCurrency": "USD",
            "grossProfit": "1955800000",
            "totalRevenue": "2893900000",
            "costOfRevenue": "2633300000",
            "costofGoodsAndServicesSold": "966700000",
            "operatingIncome": "505800000",
            "sellingGeneralAndAdministrative": "1211200000",
            "researchAndDevelopment": "92700000",
            "operatingExpenses": "1756800000",
            "investmentIncomeNet": "None",
            "netInterestIncome": "-23100000",
            "interestIncome": "23100000",
            "interestExpense": "23100000",
            "nonInterestIncome": "2917000000",
            "otherNonOperatingIncome": "8800000",
            "depreciation": "163200000",
            "depreciationAndAmortization": "455400000",
            "incomeBeforeTax": "491500000",
            "incomeTaxExpense": "-2453200000",
            "interestAndDebtExpense": "23100000",
            "netIncomeFromContinuingOperations": "2944700000",
            "comprehensiveIncomeNetOfTax": "3075400000",
            "ebit": "514600000",
            "ebitda": "970000000",
            "netIncome": "2944700000"
        },
        {
            "fiscalDateEnding": "2020-10-31",
            "reportedCurrency": "USD",
            "grossProfit": "1534800000",
            "totalRevenue": "2392900000",
            "costOfRevenue": "2312900000",
            "costofGoodsAndServicesSold": "896100000",
            "operatingIncome": "311800000",
            "sellingGeneralAndAdministrative": "992500000",
            "researchAndDevelopment": "93300000",
            "operatingExpenses": "1503900000",
            "investmentIncomeNet": "None",
            "netInterestIncome": "-36800000",
            "interestIncome": "36800000",
            "interestExpense": "36800000",
            "nonInterestIncome": "2429700000",
            "otherNonOperatingIncome": "-8500000",
            "depreciation": "149900000",
            "depreciationAndAmortization": "424300000",
            "incomeBeforeTax": "266500000",
            "incomeTaxExpense": "28100000",
            "interestAndDebtExpense": "36800000",
            "netIncomeFromContinuingOperations": "238400000",
            "comprehensiveIncomeNetOfTax": "213500000",
            "ebit": "303300000",
            "ebitda": "727600000",
            "netIncome": "238400000"
        },
        {
            "fiscalDateEnding": "2019-10-31",
            "reportedCurrency": "USD",
            "grossProfit": "1756800000",
            "totalRevenue": "2575500000",
            "costOfRevenue": "2039000000",
            "costofGoodsAndServicesSold": "896600000",
            "operatingIncome": "546700000",
            "sellingGeneralAndAdministrative": "996200000",
            "researchAndDevelopment": "86700000",
            "operatingExpenses": "1215200000",
            "investmentIncomeNet": "None",
            "netInterestIncome": "-68000000",
            "interestIncome": "70200000",
            "interestExpense": "68000000",
            "nonInterestIncome": "2643500000",
            "otherNonOperatingIncome": "-1300000",
            "depreciation": "135000000",
            "depreciationAndAmortization": "145800000",
            "incomeBeforeTax": "477400000",
            "incomeTaxExpense": "10700000",
            "interestAndDebtExpense": "68000000",
            "netIncomeFromContinuingOperations": "466700000",
            "comprehensiveIncomeNetOfTax": "450300000",
            "ebit": "545400000",
            "ebitda": "691200000",
            "netIncome": "466700000"
        },
        {
            "fiscalDateEnding": "2018-10-31",
            "reportedCurrency": "USD",
            "grossProfit": "1632300000",
            "totalRevenue": "2532800000",
            "costOfRevenue": "900500000",
            "costofGoodsAndServicesSold": "900500000",
            "operatingIncome": "403100000",
            "sellingGeneralAndAdministrative": "973300000",
            "researchAndDevelopment": "84800000",
            "operatingExpenses": "1242500000",
            "investmentIncomeNet": "None",
            "netInterestIncome": "-82700000",
            "interestIncome": "86100000",
            "interestExpense": "82700000",
            "nonInterestIncome": "-8500000",
            "otherNonOperatingIncome": "11500000",
            "depreciation": "128400000",
            "depreciationAndAmortization": "146700000",
            "incomeBeforeTax": "331900000",
            "incomeTaxExpense": "192000000",
            "interestAndDebtExpense": "82700000",
            "netIncomeFromContinuingOperations": "139900000",
            "comprehensiveIncomeNetOfTax": "89300000",
            "ebit": "414600000",
            "ebitda": "561300000",
            "netIncome": "139900000"
        }
    ],
    "quarterlyReports": [
        {
            "fiscalDateEnding": "2022-10-31",
            "reportedCurrency": "USD",
            "grossProfit": "536600000",
            "totalRevenue": "803300000",
            "costOfRevenue": "9200000",
            "costofGoodsAndServicesSold": "311500000",
            "operatingIncome": "103500000",
            "sellingGeneralAndAdministrative": "358000000",
            "researchAndDevelopment": "29100000",
            "operatingExpenses": "9200000",
            "investmentIncomeNet": "None",
            "netInterestIncome": "-22800000",
            "interestIncome": "22800000",
            "interestExpense": "22800000",
            "nonInterestIncome": "826100000",
            "otherNonOperatingIncome": "-8300000",
            "depreciation": "None",
            "depreciationAndAmortization": "392100000",
            "incomeBeforeTax": "72400000",
            "incomeTaxExpense": "6800000",
            "interestAndDebtExpense": "22800000",
            "netIncomeFromContinuingOperations": "-18400000",
            "comprehensiveIncomeNetOfTax": "-18400000",
            "ebit": "95200000",
            "ebitda": "487300000",
            "netIncome": "65600000"
        },
        {
            "fiscalDateEnding": "2022-07-31",
            "reportedCurrency": "USD",
            "grossProfit": "552100000",
            "totalRevenue": "826300000",
            "costOfRevenue": "677400000",
            "costofGoodsAndServicesSold": "291300000",
            "operatingIncome": "140600000",
            "sellingGeneralAndAdministrative": "342700000",
            "researchAndDevelopment": "28700000",
            "operatingExpenses": "414800000",
            "investmentIncomeNet": "None",
            "netInterestIncome": "-17100000",
            "interestIncome": "22000000",
            "interestExpense": "17100000",
            "nonInterestIncome": "843400000",
            "otherNonOperatingIncome": "-6200000",
            "depreciation": "None",
            "depreciationAndAmortization": "40100000",
            "incomeBeforeTax": "117300000",
            "incomeTaxExpense": "18900000",
            "interestAndDebtExpense": "17100000",
            "netIncomeFromContinuingOperations": "98400000",
            "comprehensiveIncomeNetOfTax": "55600000",
            "ebit": "134400000",
            "ebitda": "174500000",
            "netIncome": "98400000"
        },
        {
            "fiscalDateEnding": "2022-04-30",
            "reportedCurrency": "USD",
            "grossProfit": "532500000",
            "totalRevenue": "819000000",
            "costOfRevenue": "691500000",
            "costofGoodsAndServicesSold": "297300000",
            "operatingIncome": "132700000",
            "sellingGeneralAndAdministrative": "322400000",
            "researchAndDevelopment": "26300000",
            "operatingExpenses": "420500000",
            "investmentIncomeNet": "None",
            "netInterestIncome": "-10800000",
            "interestIncome": "30600000",
            "interestExpense": "10800000",
            "nonInterestIncome": "829800000",
            "otherNonOperatingIncome": "41800000",
            "depreciation": "None",
            "depreciationAndAmortization": "51100000",
            "incomeBeforeTax": "163700000",
            "incomeTaxExpense": "37100000",
            "interestAndDebtExpense": "10800000",
            "netIncomeFromContinuingOperations": "126600000",
            "comprehensiveIncomeNetOfTax": "69300000",
            "ebit": "174500000",
            "ebitda": "225600000",
            "netIncome": "126600000"
        },
        {
            "fiscalDateEnding": "2022-01-31",
            "reportedCurrency": "USD",
            "grossProfit": "518400000",
            "totalRevenue": "780600000",
            "costOfRevenue": "630200000",
            "costofGoodsAndServicesSold": "268800000",
            "operatingIncome": "130800000",
            "sellingGeneralAndAdministrative": "319100000",
            "researchAndDevelopment": "26200000",
            "operatingExpenses": "387600000",
            "investmentIncomeNet": "None",
            "netInterestIncome": "-6600000",
            "interestIncome": "9900000",
            "interestExpense": "6600000",
            "nonInterestIncome": "787200000",
            "otherNonOperatingIncome": "-2300000",
            "depreciation": "None",
            "depreciationAndAmortization": "42300000",
            "incomeBeforeTax": "121900000",
            "incomeTaxExpense": "26600000",
            "interestAndDebtExpense": "6600000",
            "netIncomeFromContinuingOperations": "95300000",
            "comprehensiveIncomeNetOfTax": "59400000",
            "ebit": "128500000",
            "ebitda": "170800000",
            "netIncome": "95300000"
        },
        {
            "fiscalDateEnding": "2021-10-31",
            "reportedCurrency": "USD",
            "grossProfit": "501900000",
            "totalRevenue": "748600000",
            "costOfRevenue": "914200000",
            "costofGoodsAndServicesSold": "257200000",
            "operatingIncome": "128500000",
            "sellingGeneralAndAdministrative": "311600000",
            "researchAndDevelopment": "25700000",
            "operatingExpenses": "680200000",
            "investmentIncomeNet": "None",
            "netInterestIncome": "-5000000",
            "interestIncome": "5000000",
            "interestExpense": "5000000",
            "nonInterestIncome": "753600000",
            "otherNonOperatingIncome": "-1900000",
            "depreciation": "None",
            "depreciationAndAmortization": "345400000",
            "incomeBeforeTax": "121600000",
            "incomeTaxExpense": "11300000",
            "interestAndDebtExpense": "5000000",
            "netIncomeFromContinuingOperations": "110300000",
            "comprehensiveIncomeNetOfTax": "128800000",
            "ebit": "126600000",
            "ebitda": "472000000",
            "netIncome": "110300000"
        },
        {
            "fiscalDateEnding": "2021-07-31",
            "reportedCurrency": "USD",
            "grossProfit": "516100000",
            "totalRevenue": "757800000",
            "costOfRevenue": "638000000",
            "costofGoodsAndServicesSold": "247300000",
            "operatingIncome": "100600000",
            "sellingGeneralAndAdministrative": "352500000",
            "researchAndDevelopment": "24800000",
            "operatingExpenses": "415500000",
            "investmentIncomeNet": "None",
            "netInterestIncome": "-5600000",
            "interestIncome": "7600000",
            "interestExpense": "5600000",
            "nonInterestIncome": "763400000",
            "otherNonOperatingIncome": "-1000000",
            "depreciation": "None",
            "depreciationAndAmortization": "38200000",
            "incomeBeforeTax": "94000000",
            "incomeTaxExpense": "-521800000",
            "interestAndDebtExpense": "5600000",
            "netIncomeFromContinuingOperations": "615800000",
            "comprehensiveIncomeNetOfTax": "603200000",
            "ebit": "99600000",
            "ebitda": "137800000",
            "netIncome": "615800000"
        },
        {
            "fiscalDateEnding": "2021-04-30",
            "reportedCurrency": "USD",
            "grossProfit": "487100000",
            "totalRevenue": "713400000",
            "costOfRevenue": "555300000",
            "costofGoodsAndServicesSold": "232400000",
            "operatingIncome": "143200000",
            "sellingGeneralAndAdministrative": "285800000",
            "researchAndDevelopment": "21000000",
            "operatingExpenses": "343900000",
            "investmentIncomeNet": "None",
            "netInterestIncome": "-6100000",
            "interestIncome": "7400000",
            "interestExpense": "6100000",
            "nonInterestIncome": "719500000",
            "otherNonOperatingIncome": "-700000",
            "depreciation": "None",
            "depreciationAndAmortization": "37100000",
            "incomeBeforeTax": "136400000",
            "incomeTaxExpense": "18900000",
            "interestAndDebtExpense": "6100000",
            "netIncomeFromContinuingOperations": "117500000",
            "comprehensiveIncomeNetOfTax": "151600000",
            "ebit": "142500000",
            "ebitda": "179600000",
            "netIncome": "117500000"
        },
        {
            "fiscalDateEnding": "2021-01-31",
            "reportedCurrency": "USD",
            "grossProfit": "450700000",
            "totalRevenue": "674100000",
            "costOfRevenue": "525700000",
            "costofGoodsAndServicesSold": "229800000",
            "operatingIncome": "133400000",
            "sellingGeneralAndAdministrative": "261200000",
            "researchAndDevelopment": "21400000",
            "operatingExpenses": "317300000",
            "investmentIncomeNet": "None",
            "netInterestIncome": "-6400000",
            "interestIncome": "5200000",
            "interestExpense": "6400000",
            "nonInterestIncome": "680500000",
            "otherNonOperatingIncome": "12500000",
            "depreciation": "None",
            "depreciationAndAmortization": "34700000",
            "incomeBeforeTax": "139500000",
            "incomeTaxExpense": "-1961600000",
            "interestAndDebtExpense": "6400000",
            "netIncomeFromContinuingOperations": "2101100000",
            "comprehensiveIncomeNetOfTax": "2191800000",
            "ebit": "145900000",
            "ebitda": "180600000",
            "netIncome": "2101100000"
        },
        {
            "fiscalDateEnding": "2020-10-31",
            "reportedCurrency": "USD",
            "grossProfit": "424000000",
            "totalRevenue": "681600000",
            "costOfRevenue": "843100000",
            "costofGoodsAndServicesSold": "257600000",
            "operatingIncome": "100100000",
            "sellingGeneralAndAdministrative": "264200000",
            "researchAndDevelopment": "25500000",
            "operatingExpenses": "604800000",
            "investmentIncomeNet": "None",
            "netInterestIncome": "-6700000",
            "interestIncome": "6700000",
            "interestExpense": "6700000",
            "nonInterestIncome": "681600000",
            "otherNonOperatingIncome": "300000",
            "depreciation": "None",
            "depreciationAndAmortization": "321300000",
            "incomeBeforeTax": "93700000",
            "incomeTaxExpense": "12500000",
            "interestAndDebtExpense": "6700000",
            "netIncomeFromContinuingOperations": "93700000",
            "comprehensiveIncomeNetOfTax": "53900000",
            "ebit": "100400000",
            "ebitda": "421700000",
            "netIncome": "81200000"
        },
        {
            "fiscalDateEnding": "2020-07-31",
            "reportedCurrency": "USD",
            "grossProfit": "360800000",
            "totalRevenue": "572500000",
            "costOfRevenue": "484400000",
            "costofGoodsAndServicesSold": "217400000",
            "operatingIncome": "72000000",
            "sellingGeneralAndAdministrative": "232800000",
            "researchAndDevelopment": "21800000",
            "operatingExpenses": "288800000",
            "investmentIncomeNet": "None",
            "netInterestIncome": "-5700000",
            "interestIncome": "3300000",
            "interestExpense": "5700000",
            "nonInterestIncome": "578200000",
            "otherNonOperatingIncome": "100000",
            "depreciation": "None",
            "depreciationAndAmortization": "34200000",
            "incomeBeforeTax": "66400000",
            "incomeTaxExpense": "11200000",
            "interestAndDebtExpense": "5700000",
            "netIncomeFromContinuingOperations": "55200000",
            "comprehensiveIncomeNetOfTax": "123300000",
            "ebit": "72100000",
            "ebitda": "106300000",
            "netIncome": "55200000"
        },
        {
            "fiscalDateEnding": "2020-04-30",
            "reportedCurrency": "USD",
            "grossProfit": "323500000",
            "totalRevenue": "512100000",
            "costOfRevenue": "472500000",
            "costofGoodsAndServicesSold": "201400000",
            "operatingIncome": "28600000",
            "sellingGeneralAndAdministrative": "237200000",
            "researchAndDevelopment": "23800000",
            "operatingExpenses": "294900000",
            "investmentIncomeNet": "None",
            "netInterestIncome": "-12800000",
            "interestIncome": "15200000",
            "interestExpense": "12800000",
            "nonInterestIncome": "524900000",
            "otherNonOperatingIncome": "-6800000",
            "depreciation": "None",
            "depreciationAndAmortization": "33900000",
            "incomeBeforeTax": "9000000",
            "incomeTaxExpense": "-2500000",
            "interestAndDebtExpense": "12800000",
            "netIncomeFromContinuingOperations": "11500000",
            "comprehensiveIncomeNetOfTax": "-70900000",
            "ebit": "21800000",
            "ebitda": "55700000",
            "netIncome": "11500000"
        },
        {
            "fiscalDateEnding": "2020-01-31",
            "reportedCurrency": "USD",
            "grossProfit": "426500000",
            "totalRevenue": "634600000",
            "costOfRevenue": "512900000",
            "costofGoodsAndServicesSold": "219700000",
            "operatingIncome": "111100000",
            "sellingGeneralAndAdministrative": "258300000",
            "researchAndDevelopment": "22200000",
            "operatingExpenses": "315400000",
            "investmentIncomeNet": "None",
            "netInterestIncome": "-11600000",
            "interestIncome": "13000000",
            "interestExpense": "11600000",
            "nonInterestIncome": "646200000",
            "otherNonOperatingIncome": "-2100000",
            "depreciation": "None",
            "depreciationAndAmortization": "34900000",
            "incomeBeforeTax": "97400000",
            "incomeTaxExpense": "6900000",
            "interestAndDebtExpense": "11600000",
            "netIncomeFromContinuingOperations": "90500000",
            "comprehensiveIncomeNetOfTax": "107200000",
            "ebit": "109000000",
            "ebitda": "143900000",
            "netIncome": "90500000"
        },
        {
            "fiscalDateEnding": "2019-10-31",
            "reportedCurrency": "USD",
            "grossProfit": "455000000",
            "totalRevenue": "691600000",
            "costOfRevenue": "521700000",
            "costofGoodsAndServicesSold": "236600000",
            "operatingIncome": "146600000",
            "sellingGeneralAndAdministrative": "249600000",
            "researchAndDevelopment": "23300000",
            "operatingExpenses": "313500000",
            "investmentIncomeNet": "None",
            "netInterestIncome": "-14700000",
            "interestIncome": "18000000",
            "interestExpense": "14700000",
            "nonInterestIncome": "691600000",
            "otherNonOperatingIncome": "-3400000",
            "depreciation": "None",
            "depreciationAndAmortization": "35100000",
            "incomeBeforeTax": "128500000",
            "incomeTaxExpense": "7500000",
            "interestAndDebtExpense": "14700000",
            "netIncomeFromContinuingOperations": "128500000",
            "comprehensiveIncomeNetOfTax": "155700000",
            "ebit": "143200000",
            "ebitda": "178300000",
            "netIncome": "121000000"
        },
        {
            "fiscalDateEnding": "2019-07-31",
            "reportedCurrency": "USD",
            "grossProfit": "450700000",
            "totalRevenue": "662700000",
            "costOfRevenue": "515700000",
            "costofGoodsAndServicesSold": "228700000",
            "operatingIncome": "142200000",
            "sellingGeneralAndAdministrative": "249800000",
            "researchAndDevelopment": "21500000",
            "operatingExpenses": "308500000",
            "investmentIncomeNet": "None",
            "netInterestIncome": "-16700000",
            "interestIncome": "15600000",
            "interestExpense": "16700000",
            "nonInterestIncome": "679400000",
            "otherNonOperatingIncome": "1500000",
            "depreciation": "None",
            "depreciationAndAmortization": "37200000",
            "incomeBeforeTax": "127000000",
            "incomeTaxExpense": "6900000",
            "interestAndDebtExpense": "16700000",
            "netIncomeFromContinuingOperations": "120100000",
            "comprehensiveIncomeNetOfTax": "54900000",
            "ebit": "143700000",
            "ebitda": "180900000",
            "netIncome": "120100000"
        },
        {
            "fiscalDateEnding": "2019-04-30",
            "reportedCurrency": "USD",
            "grossProfit": "432600000",
            "totalRevenue": "654300000",
            "costOfRevenue": "221700000",
            "costofGoodsAndServicesSold": "221700000",
            "operatingIncome": "146900000",
            "sellingGeneralAndAdministrative": "246800000",
            "researchAndDevelopment": "21000000",
            "operatingExpenses": "285700000",
            "investmentIncomeNet": "None",
            "netInterestIncome": "-18500000",
            "interestIncome": "18900000",
            "interestExpense": "18500000",
            "nonInterestIncome": "654300000",
            "otherNonOperatingIncome": "-300000",
            "depreciation": "None",
            "depreciationAndAmortization": "36900000",
            "incomeBeforeTax": "128100000",
            "incomeTaxExpense": "5700000",
            "interestAndDebtExpense": "18500000",
            "netIncomeFromContinuingOperations": "122400000",
            "comprehensiveIncomeNetOfTax": "103800000",
            "ebit": "146600000",
            "ebitda": "183500000",
            "netIncome": "122400000"
        },
        {
            "fiscalDateEnding": "2019-01-31",
            "reportedCurrency": "USD",
            "grossProfit": "418500000",
            "totalRevenue": "628100000",
            "costOfRevenue": "209600000",
            "costofGoodsAndServicesSold": "209600000",
            "operatingIncome": "110900000",
            "sellingGeneralAndAdministrative": "250000000",
            "researchAndDevelopment": "21000000",
            "operatingExpenses": "307600000",
            "investmentIncomeNet": "None",
            "netInterestIncome": "-18200000",
            "interestIncome": "None",
            "interestExpense": "18200000",
            "nonInterestIncome": "628100000",
            "otherNonOperatingIncome": "1100000",
            "depreciation": "None",
            "depreciationAndAmortization": "36600000",
            "incomeBeforeTax": "93800000",
            "incomeTaxExpense": "-9400000",
            "interestAndDebtExpense": "18200000",
            "netIncomeFromContinuingOperations": "103200000",
            "comprehensiveIncomeNetOfTax": "135900000",
            "ebit": "112000000",
            "ebitda": "148600000",
            "netIncome": "103200000"
        },
        {
            "fiscalDateEnding": "2018-10-31",
            "reportedCurrency": "USD",
            "grossProfit": "430000000",
            "totalRevenue": "651500000",
            "costOfRevenue": "221500000",
            "costofGoodsAndServicesSold": "221400000",
            "operatingIncome": "122700000",
            "sellingGeneralAndAdministrative": "248600000",
            "researchAndDevelopment": "22600000",
            "operatingExpenses": "320700000",
            "investmentIncomeNet": "None",
            "netInterestIncome": "-22800000",
            "interestIncome": "None",
            "interestExpense": "22800000",
            "nonInterestIncome": "651500000",
            "otherNonOperatingIncome": "12800000",
            "depreciation": "None",
            "depreciationAndAmortization": "36200000",
            "incomeBeforeTax": "112600000",
            "incomeTaxExpense": "12000000",
            "interestAndDebtExpense": "22800000",
            "netIncomeFromContinuingOperations": "112700000",
            "comprehensiveIncomeNetOfTax": "60400000",
            "ebit": "135400000",
            "ebitda": "171600000",
            "netIncome": "100600000"
        },
        {
            "fiscalDateEnding": "2018-07-31",
            "reportedCurrency": "USD",
            "grossProfit": "426800000",
            "totalRevenue": "660000000",
            "costOfRevenue": "233200000",
            "costofGoodsAndServicesSold": "233200000",
            "operatingIncome": "115600000",
            "sellingGeneralAndAdministrative": "251000000",
            "researchAndDevelopment": "22500000",
            "operatingExpenses": "311200000",
            "investmentIncomeNet": "None",
            "netInterestIncome": "-22800000",
            "interestIncome": "None",
            "interestExpense": "22800000",
            "nonInterestIncome": "660000000",
            "otherNonOperatingIncome": "-2400000",
            "depreciation": "None",
            "depreciationAndAmortization": "37700000",
            "incomeBeforeTax": "90400000",
            "incomeTaxExpense": "-10400000",
            "interestAndDebtExpense": "22800000",
            "netIncomeFromContinuingOperations": "100800000",
            "comprehensiveIncomeNetOfTax": "31200000",
            "ebit": "113200000",
            "ebitda": "150900000",
            "netIncome": "100800000"
        },
        {
            "fiscalDateEnding": "2018-04-30",
            "reportedCurrency": "USD",
            "grossProfit": "404500000",
            "totalRevenue": "631300000",
            "costOfRevenue": "226800000",
            "costofGoodsAndServicesSold": "226800000",
            "operatingIncome": "74700000",
            "sellingGeneralAndAdministrative": "247900000",
            "researchAndDevelopment": "20800000",
            "operatingExpenses": "329800000",
            "investmentIncomeNet": "None",
            "netInterestIncome": "-18700000",
            "interestIncome": "None",
            "interestExpense": "18700000",
            "nonInterestIncome": "631300000",
            "otherNonOperatingIncome": "-2000000",
            "depreciation": "None",
            "depreciationAndAmortization": "36700000",
            "incomeBeforeTax": "54000000",
            "incomeTaxExpense": "-6900000",
            "interestAndDebtExpense": "18700000",
            "netIncomeFromContinuingOperations": "60900000",
            "comprehensiveIncomeNetOfTax": "17900000",
            "ebit": "72700000",
            "ebitda": "109400000",
            "netIncome": "60900000"
        },
        {
            "fiscalDateEnding": "2018-01-31",
            "reportedCurrency": "USD",
            "grossProfit": "370900000",
            "totalRevenue": "590000000",
            "costOfRevenue": "219100000",
            "costofGoodsAndServicesSold": "219100000",
            "operatingIncome": "90200000",
            "sellingGeneralAndAdministrative": "225900000",
            "researchAndDevelopment": "18800000",
            "operatingExpenses": "280700000",
            "investmentIncomeNet": "None",
            "netInterestIncome": "-18400000",
            "interestIncome": "None",
            "interestExpense": "18400000",
            "nonInterestIncome": "590000000",
            "otherNonOperatingIncome": "3000000",
            "depreciation": "None",
            "depreciationAndAmortization": "36000000",
            "incomeBeforeTax": "74800000",
            "incomeTaxExpense": "197300000",
            "interestAndDebtExpense": "18400000",
            "netIncomeFromContinuingOperations": "-122500000",
            "comprehensiveIncomeNetOfTax": "-20200000",
            "ebit": "93200000",
            "ebitda": "129200000",
            "netIncome": "-122500000"
        }
    ]
}