{
    "symbol": "CPRT",
    "annualReports": [
        {
            "fiscalDateEnding": "2022-07-31",
            "reportedCurrency": "USD",
            "grossProfit": "1331171000",
            "totalRevenue": "3481864000",
            "costOfRevenue": "2150693000",
            "costofGoodsAndServicesSold": "1894700000",
            "operatingIncome": "1374997000",
            "sellingGeneralAndAdministrative": "246624000",
            "researchAndDevelopment": "None",
            "operatingExpenses": "2371609000",
            "investmentIncomeNet": "None",
            "netInterestIncome": "-16688000",
            "interestIncome": "-16683000",
            "interestExpense": "5000",
            "nonInterestIncome": "3485101000",
            "otherNonOperatingIncome": "-596000",
            "depreciation": "121300000",
            "depreciationAndAmortization": "8020000",
            "incomeBeforeTax": "1340954000",
            "incomeTaxExpense": "250824000",
            "interestAndDebtExpense": "16764000",
            "netIncomeFromContinuingOperations": "1090130000",
            "comprehensiveIncomeNetOfTax": "2111755000",
            "ebit": "1374997000",
            "ebitda": "1348979000",
            "netIncome": "1090130000"
        },
        {
            "fiscalDateEnding": "2021-07-31",
            "reportedCurrency": "USD",
            "grossProfit": "1113489000",
            "totalRevenue": "2689665000",
            "costOfRevenue": "1576176000",
            "costofGoodsAndServicesSold": "1349420000",
            "operatingIncome": "1136426000",
            "sellingGeneralAndAdministrative": "220365000",
            "researchAndDevelopment": "None",
            "operatingExpenses": "1774970000",
            "investmentIncomeNet": "None",
            "netInterestIncome": "-20247000",
            "interestIncome": "-20182000",
            "interestExpense": "65000",
            "nonInterestIncome": "2693991000",
            "otherNonOperatingIncome": "5667000",
            "depreciation": "105500000",
            "depreciationAndAmortization": "7512000",
            "incomeBeforeTax": "1121846000",
            "incomeTaxExpense": "185351000",
            "interestAndDebtExpense": "65000",
            "netIncomeFromContinuingOperations": "936495000",
            "comprehensiveIncomeNetOfTax": "1893218000",
            "ebit": "1136426000",
            "ebitda": "1129423000",
            "netIncome": "936495000"
        },
        {
            "fiscalDateEnding": "2020-07-31",
            "reportedCurrency": "USD",
            "grossProfit": "1007802000",
            "totalRevenue": "2205583000",
            "costOfRevenue": "1197781000",
            "costofGoodsAndServicesSold": "1197781000",
            "operatingIncome": "816099000",
            "sellingGeneralAndAdministrative": "199403000",
            "researchAndDevelopment": "None",
            "operatingExpenses": "1588644000",
            "investmentIncomeNet": "1359000",
            "netInterestIncome": "-18871000",
            "interestIncome": "1359000",
            "interestExpense": "20230000",
            "nonInterestIncome": "2207496000",
            "otherNonOperatingIncome": "3611000",
            "depreciation": "82100000",
            "depreciationAndAmortization": "9782000",
            "incomeBeforeTax": "800839000",
            "incomeTaxExpense": "100932000",
            "interestAndDebtExpense": "20230000",
            "netIncomeFromContinuingOperations": "699907000",
            "comprehensiveIncomeNetOfTax": "711348000",
            "ebit": "821069000",
            "ebitda": "830851000",
            "netIncome": "699907000"
        },
        {
            "fiscalDateEnding": "2019-07-31",
            "reportedCurrency": "USD",
            "grossProfit": "898342000",
            "totalRevenue": "2041957000",
            "costOfRevenue": "1143615000",
            "costofGoodsAndServicesSold": "255504000",
            "operatingIncome": "716475000",
            "sellingGeneralAndAdministrative": "189367000",
            "researchAndDevelopment": "None",
            "operatingExpenses": "1511347000",
            "investmentIncomeNet": "2225000",
            "netInterestIncome": "-17585000",
            "interestIncome": "2225000",
            "interestExpense": "19810000",
            "nonInterestIncome": "2045030000",
            "otherNonOperatingIncome": "6061000",
            "depreciation": "66800000",
            "depreciationAndAmortization": "10500000",
            "incomeBeforeTax": "704951000",
            "incomeTaxExpense": "113258000",
            "interestAndDebtExpense": "19810000",
            "netIncomeFromContinuingOperations": "591693000",
            "comprehensiveIncomeNetOfTax": "567092000",
            "ebit": "724761000",
            "ebitda": "735261000",
            "netIncome": "591693000"
        },
        {
            "fiscalDateEnding": "2018-07-31",
            "reportedCurrency": "USD",
            "grossProfit": "762366000",
            "totalRevenue": "1805695000",
            "costOfRevenue": "1043329000",
            "costofGoodsAndServicesSold": "196461000",
            "operatingIncome": "584345000",
            "sellingGeneralAndAdministrative": "182790000",
            "researchAndDevelopment": "None",
            "operatingExpenses": "1408522000",
            "investmentIncomeNet": "1293000",
            "netInterestIncome": "-20368000",
            "interestIncome": "1293000",
            "interestExpense": "20368000",
            "nonInterestIncome": "-3240000",
            "otherNonOperatingIncome": "-2759000",
            "depreciation": "58800000",
            "depreciationAndAmortization": "14000000",
            "incomeBeforeTax": "562371000",
            "incomeTaxExpense": "144504000",
            "interestAndDebtExpense": "20368000",
            "netIncomeFromContinuingOperations": "418007000",
            "comprehensiveIncomeNetOfTax": "410615000",
            "ebit": "582739000",
            "ebitda": "596739000",
            "netIncome": "417867000"
        }
    ],
    "quarterlyReports": [
        {
            "fiscalDateEnding": "2023-01-31",
            "reportedCurrency": "USD",
            "grossProfit": "382200000",
            "totalRevenue": "975304000",
            "costOfRevenue": "593104000",
            "costofGoodsAndServicesSold": "530224000",
            "operatingIncome": "365525000",
            "sellingGeneralAndAdministrative": "60975000",
            "researchAndDevelopment": "None",
            "operatingExpenses": "62880000",
            "investmentIncomeNet": "None",
            "netInterestIncome": "14480000",
            "interestIncome": "14480000",
            "interestExpense": "0",
            "nonInterestIncome": "956724000",
            "otherNonOperatingIncome": "-2902000",
            "depreciation": "36500000",
            "depreciationAndAmortization": "1905000",
            "incomeBeforeTax": "377103000",
            "incomeTaxExpense": "83426000",
            "interestAndDebtExpense": "None",
            "netIncomeFromContinuingOperations": "293677000",
            "comprehensiveIncomeNetOfTax": "336106000",
            "ebit": "365525000",
            "ebitda": "379008000",
            "netIncome": "293677000"
        },
        {
            "fiscalDateEnding": "2022-10-31",
            "reportedCurrency": "USD",
            "grossProfit": "318231000",
            "totalRevenue": "902007000",
            "costOfRevenue": "583776000",
            "costofGoodsAndServicesSold": "523889000",
            "operatingIncome": "311503000",
            "sellingGeneralAndAdministrative": "57980000",
            "researchAndDevelopment": "None",
            "operatingExpenses": "61170000",
            "investmentIncomeNet": "None",
            "netInterestIncome": "4422000",
            "interestIncome": "4422000",
            "interestExpense": "0",
            "nonInterestIncome": "893485000",
            "otherNonOperatingIncome": "-2822000",
            "depreciation": "37200000",
            "depreciationAndAmortization": "1907000",
            "incomeBeforeTax": "313103000",
            "incomeTaxExpense": "67255000",
            "interestAndDebtExpense": "None",
            "netIncomeFromContinuingOperations": "245848000",
            "comprehensiveIncomeNetOfTax": "216277000",
            "ebit": "311503000",
            "ebitda": "315010000",
            "netIncome": "245848000"
        },
        {
            "fiscalDateEnding": "2022-07-31",
            "reportedCurrency": "USD",
            "grossProfit": "288883000",
            "totalRevenue": "866183000",
            "costOfRevenue": "577300000",
            "costofGoodsAndServicesSold": "501816000",
            "operatingIncome": "324793000",
            "sellingGeneralAndAdministrative": "72179000",
            "researchAndDevelopment": "None",
            "operatingExpenses": "2190924000",
            "investmentIncomeNet": "None",
            "netInterestIncome": "-2656000",
            "interestIncome": "-2656000",
            "interestExpense": "0",
            "nonInterestIncome": "866288000",
            "otherNonOperatingIncome": "-1910000",
            "depreciation": "25300000",
            "depreciationAndAmortization": "1956000",
            "incomeBeforeTax": "303468000",
            "incomeTaxExpense": "39733000",
            "interestAndDebtExpense": "16759000",
            "netIncomeFromContinuingOperations": "263735000",
            "comprehensiveIncomeNetOfTax": "1337096000",
            "ebit": "324793000",
            "ebitda": "305424000",
            "netIncome": "263735000"
        },
        {
            "fiscalDateEnding": "2022-04-30",
            "reportedCurrency": "USD",
            "grossProfit": "369808000",
            "totalRevenue": "939049000",
            "costOfRevenue": "569241000",
            "costofGoodsAndServicesSold": "503664000",
            "operatingIncome": "372755000",
            "sellingGeneralAndAdministrative": "63522000",
            "researchAndDevelopment": "None",
            "operatingExpenses": "65577000",
            "investmentIncomeNet": "None",
            "netInterestIncome": "-4492000",
            "interestIncome": "-4491000",
            "interestExpense": "1000",
            "nonInterestIncome": "939941000",
            "otherNonOperatingIncome": "1342000",
            "depreciation": "34700000",
            "depreciationAndAmortization": "2055000",
            "incomeBeforeTax": "369605000",
            "incomeTaxExpense": "90985000",
            "interestAndDebtExpense": "1000",
            "netIncomeFromContinuingOperations": "278620000",
            "comprehensiveIncomeNetOfTax": "249526000",
            "ebit": "372755000",
            "ebitda": "371661000",
            "netIncome": "278620000"
        },
        {
            "fiscalDateEnding": "2022-01-31",
            "reportedCurrency": "USD",
            "grossProfit": "344640000",
            "totalRevenue": "866727000",
            "costOfRevenue": "522087000",
            "costofGoodsAndServicesSold": "464118000",
            "operatingIncome": "347328000",
            "sellingGeneralAndAdministrative": "56014000",
            "researchAndDevelopment": "None",
            "operatingExpenses": "57969000",
            "investmentIncomeNet": "None",
            "netInterestIncome": "-4433000",
            "interestIncome": "-4431000",
            "interestExpense": "2000",
            "nonInterestIncome": "867460000",
            "otherNonOperatingIncome": "-840000",
            "depreciation": "31400000",
            "depreciationAndAmortization": "1955000",
            "incomeBeforeTax": "342055000",
            "incomeTaxExpense": "54643000",
            "interestAndDebtExpense": "2000",
            "netIncomeFromContinuingOperations": "287412000",
            "comprehensiveIncomeNetOfTax": "275288000",
            "ebit": "347328000",
            "ebitda": "344012000",
            "netIncome": "287412000"
        },
        {
            "fiscalDateEnding": "2021-10-31",
            "reportedCurrency": "USD",
            "grossProfit": "326411000",
            "totalRevenue": "808670000",
            "costOfRevenue": "482259000",
            "costofGoodsAndServicesSold": "425102000",
            "operatingIncome": "330121000",
            "sellingGeneralAndAdministrative": "54909000",
            "researchAndDevelopment": "None",
            "operatingExpenses": "56422000",
            "investmentIncomeNet": "None",
            "netInterestIncome": "-5107000",
            "interestIncome": "-5105000",
            "interestExpense": "2000",
            "nonInterestIncome": "810572000",
            "otherNonOperatingIncome": "812000",
            "depreciation": "29900000",
            "depreciationAndAmortization": "1953000",
            "incomeBeforeTax": "325826000",
            "incomeTaxExpense": "65463000",
            "interestAndDebtExpense": "2000",
            "netIncomeFromContinuingOperations": "260363000",
            "comprehensiveIncomeNetOfTax": "249845000",
            "ebit": "330121000",
            "ebitda": "327781000",
            "netIncome": "260363000"
        },
        {
            "fiscalDateEnding": "2021-07-31",
            "reportedCurrency": "USD",
            "grossProfit": "284776000",
            "totalRevenue": "747625000",
            "costOfRevenue": "462849000",
            "costofGoodsAndServicesSold": "391147000",
            "operatingIncome": "301500000",
            "sellingGeneralAndAdministrative": "69683000",
            "researchAndDevelopment": "None",
            "operatingExpenses": "516590000",
            "investmentIncomeNet": "None",
            "netInterestIncome": "-5020000",
            "interestIncome": "-5015000",
            "interestExpense": "5000",
            "nonInterestIncome": "748853000",
            "otherNonOperatingIncome": "2564000",
            "depreciation": "18500000",
            "depreciationAndAmortization": "1711000",
            "incomeBeforeTax": "299044000",
            "incomeTaxExpense": "43070000",
            "interestAndDebtExpense": "5000",
            "netIncomeFromContinuingOperations": "255974000",
            "comprehensiveIncomeNetOfTax": "1193273000",
            "ebit": "301500000",
            "ebitda": "300760000",
            "netIncome": "255974000"
        },
        {
            "fiscalDateEnding": "2021-04-30",
            "reportedCurrency": "USD",
            "grossProfit": "324298000",
            "totalRevenue": "732064000",
            "costOfRevenue": "407766000",
            "costofGoodsAndServicesSold": "352569000",
            "operatingIncome": "328111000",
            "sellingGeneralAndAdministrative": "53230000",
            "researchAndDevelopment": "None",
            "operatingExpenses": "459029000",
            "investmentIncomeNet": "None",
            "netInterestIncome": "-5346000",
            "interestIncome": "-5330000",
            "interestExpense": "16000",
            "nonInterestIncome": "733910000",
            "otherNonOperatingIncome": "770000",
            "depreciation": "30200000",
            "depreciationAndAmortization": "1967000",
            "incomeBeforeTax": "323535000",
            "incomeTaxExpense": "36739000",
            "interestAndDebtExpense": "16000",
            "netIncomeFromContinuingOperations": "286796000",
            "comprehensiveIncomeNetOfTax": "291852000",
            "ebit": "328111000",
            "ebitda": "325518000",
            "netIncome": "286796000"
        },
        {
            "fiscalDateEnding": "2021-01-31",
            "reportedCurrency": "USD",
            "grossProfit": "255105000",
            "totalRevenue": "615782000",
            "costOfRevenue": "360677000",
            "costofGoodsAndServicesSold": "309533000",
            "operatingIncome": "258221000",
            "sellingGeneralAndAdministrative": "49277000",
            "researchAndDevelopment": "None",
            "operatingExpenses": "408087000",
            "investmentIncomeNet": "None",
            "netInterestIncome": "-4849000",
            "interestIncome": "-4826000",
            "interestExpense": "23000",
            "nonInterestIncome": "617031000",
            "otherNonOperatingIncome": "-920000",
            "depreciation": "29700000",
            "depreciationAndAmortization": "1867000",
            "incomeBeforeTax": "252452000",
            "incomeTaxExpense": "59012000",
            "interestAndDebtExpense": "23000",
            "netIncomeFromContinuingOperations": "193440000",
            "comprehensiveIncomeNetOfTax": "215214000",
            "ebit": "258221000",
            "ebitda": "254342000",
            "netIncome": "193440000"
        },
        {
            "fiscalDateEnding": "2020-10-31",
            "reportedCurrency": "USD",
            "grossProfit": "246425000",
            "totalRevenue": "592738000",
            "costOfRevenue": "346313000",
            "costofGoodsAndServicesSold": "296171000",
            "operatingIncome": "248594000",
            "sellingGeneralAndAdministrative": "48175000",
            "researchAndDevelopment": "None",
            "operatingExpenses": "391134000",
            "investmentIncomeNet": "None",
            "netInterestIncome": "-5032000",
            "interestIncome": "-5011000",
            "interestExpense": "21000",
            "nonInterestIncome": "594170000",
            "otherNonOperatingIncome": "3253000",
            "depreciation": "27100000",
            "depreciationAndAmortization": "1967000",
            "incomeBeforeTax": "246815000",
            "incomeTaxExpense": "46530000",
            "interestAndDebtExpense": "21000",
            "netIncomeFromContinuingOperations": "200285000",
            "comprehensiveIncomeNetOfTax": "192879000",
            "ebit": "248594000",
            "ebitda": "248803000",
            "netIncome": "200285000"
        },
        {
            "fiscalDateEnding": "2020-07-31",
            "reportedCurrency": "USD",
            "grossProfit": "250431000",
            "totalRevenue": "525659000",
            "costOfRevenue": "275228000",
            "costofGoodsAndServicesSold": "275228000",
            "operatingIncome": "205715000",
            "sellingGeneralAndAdministrative": "52416000",
            "researchAndDevelopment": "None",
            "operatingExpenses": "372530000",
            "investmentIncomeNet": "99000",
            "netInterestIncome": "-4803000",
            "interestIncome": "99000",
            "interestExpense": "4902000",
            "nonInterestIncome": "525827000",
            "otherNonOperatingIncome": "971000",
            "depreciation": "15100000",
            "depreciationAndAmortization": "2129000",
            "incomeBeforeTax": "201883000",
            "incomeTaxExpense": "36350000",
            "interestAndDebtExpense": "4902000",
            "netIncomeFromContinuingOperations": "201883000",
            "comprehensiveIncomeNetOfTax": "-351006000",
            "ebit": "206785000",
            "ebitda": "208914000",
            "netIncome": "165533000"
        },
        {
            "fiscalDateEnding": "2020-04-30",
            "reportedCurrency": "USD",
            "grossProfit": "242613000",
            "totalRevenue": "550360000",
            "costOfRevenue": "307747000",
            "costofGoodsAndServicesSold": "307747000",
            "operatingIncome": "195101000",
            "sellingGeneralAndAdministrative": "47512000",
            "researchAndDevelopment": "None",
            "operatingExpenses": "402771000",
            "investmentIncomeNet": "225000",
            "netInterestIncome": "-5578000",
            "interestIncome": "225000",
            "interestExpense": "5803000",
            "nonInterestIncome": "550360000",
            "otherNonOperatingIncome": "2277000",
            "depreciation": "24500000",
            "depreciationAndAmortization": "2541000",
            "incomeBeforeTax": "191800000",
            "incomeTaxExpense": "44313000",
            "interestAndDebtExpense": "5803000",
            "netIncomeFromContinuingOperations": "147487000",
            "comprehensiveIncomeNetOfTax": "275921000",
            "ebit": "197603000",
            "ebitda": "200144000",
            "netIncome": "147487000"
        },
        {
            "fiscalDateEnding": "2020-01-31",
            "reportedCurrency": "USD",
            "grossProfit": "259889000",
            "totalRevenue": "575140000",
            "costOfRevenue": "315251000",
            "costofGoodsAndServicesSold": "57900000",
            "operatingIncome": "209892000",
            "sellingGeneralAndAdministrative": "49997000",
            "researchAndDevelopment": "None",
            "operatingExpenses": "415245000",
            "investmentIncomeNet": "450000",
            "netInterestIncome": "-4464000",
            "interestIncome": "450000",
            "interestExpense": "4914000",
            "nonInterestIncome": "575140000",
            "otherNonOperatingIncome": "-354000",
            "depreciation": "22000000",
            "depreciationAndAmortization": "2300000",
            "incomeBeforeTax": "205074000",
            "incomeTaxExpense": "36367000",
            "interestAndDebtExpense": "4914000",
            "netIncomeFromContinuingOperations": "168707000",
            "comprehensiveIncomeNetOfTax": "336834000",
            "ebit": "209988000",
            "ebitda": "212288000",
            "netIncome": "168707000"
        },
        {
            "fiscalDateEnding": "2019-10-31",
            "reportedCurrency": "USD",
            "grossProfit": "254869000",
            "totalRevenue": "554424000",
            "costOfRevenue": "299555000",
            "costofGoodsAndServicesSold": "58764000",
            "operatingIncome": "205391000",
            "sellingGeneralAndAdministrative": "49478000",
            "researchAndDevelopment": "None",
            "operatingExpenses": "398621000",
            "investmentIncomeNet": "585000",
            "netInterestIncome": "-4026000",
            "interestIncome": "585000",
            "interestExpense": "4611000",
            "nonInterestIncome": "554696000",
            "otherNonOperatingIncome": "717000",
            "depreciation": "20500000",
            "depreciationAndAmortization": "2655000",
            "incomeBeforeTax": "202082000",
            "incomeTaxExpense": "-16098000",
            "interestAndDebtExpense": "4611000",
            "netIncomeFromContinuingOperations": "218180000",
            "comprehensiveIncomeNetOfTax": "449599000",
            "ebit": "206693000",
            "ebitda": "209348000",
            "netIncome": "218180000"
        },
        {
            "fiscalDateEnding": "2019-07-31",
            "reportedCurrency": "USD",
            "grossProfit": "242619000",
            "totalRevenue": "542575000",
            "costOfRevenue": "299956000",
            "costofGoodsAndServicesSold": "65552000",
            "operatingIncome": "192802000",
            "sellingGeneralAndAdministrative": "57317000",
            "researchAndDevelopment": "None",
            "operatingExpenses": "407000000",
            "investmentIncomeNet": "347000",
            "netInterestIncome": "-2377000",
            "interestIncome": "2225000",
            "interestExpense": "4602000",
            "nonInterestIncome": "541895000",
            "otherNonOperatingIncome": "-1477000",
            "depreciation": "11500000",
            "depreciationAndAmortization": "2500000",
            "incomeBeforeTax": "187070000",
            "incomeTaxExpense": "33574000",
            "interestAndDebtExpense": "4602000",
            "netIncomeFromContinuingOperations": "187070000",
            "comprehensiveIncomeNetOfTax": "134158000",
            "ebit": "191672000",
            "ebitda": "194172000",
            "netIncome": "153496000"
        },
        {
            "fiscalDateEnding": "2019-04-30",
            "reportedCurrency": "USD",
            "grossProfit": "251579000",
            "totalRevenue": "553116000",
            "costOfRevenue": "301537000",
            "costofGoodsAndServicesSold": "70984000",
            "operatingIncome": "207494000",
            "sellingGeneralAndAdministrative": "44085000",
            "researchAndDevelopment": "None",
            "operatingExpenses": "389707000",
            "investmentIncomeNet": "240000",
            "netInterestIncome": "-5324000",
            "interestIncome": "5084000",
            "interestExpense": "5324000",
            "nonInterestIncome": "553116000",
            "otherNonOperatingIncome": "1719000",
            "depreciation": "18600000",
            "depreciationAndAmortization": "2500000",
            "incomeBeforeTax": "204129000",
            "incomeTaxExpense": "11388000",
            "interestAndDebtExpense": "5324000",
            "netIncomeFromContinuingOperations": "192741000",
            "comprehensiveIncomeNetOfTax": "186773000",
            "ebit": "209453000",
            "ebitda": "211953000",
            "netIncome": "192741000"
        },
        {
            "fiscalDateEnding": "2019-01-31",
            "reportedCurrency": "USD",
            "grossProfit": "208226000",
            "totalRevenue": "484898000",
            "costOfRevenue": "276672000",
            "costofGoodsAndServicesSold": "61212000",
            "operatingIncome": "164739000",
            "sellingGeneralAndAdministrative": "43487000",
            "researchAndDevelopment": "None",
            "operatingExpenses": "363646000",
            "investmentIncomeNet": "678000",
            "netInterestIncome": "-5233000",
            "interestIncome": "None",
            "interestExpense": "5233000",
            "nonInterestIncome": "484898000",
            "otherNonOperatingIncome": "4782000",
            "depreciation": "17800000",
            "depreciationAndAmortization": "2600000",
            "incomeBeforeTax": "164966000",
            "incomeTaxExpense": "33593000",
            "interestAndDebtExpense": "5233000",
            "netIncomeFromContinuingOperations": "131373000",
            "comprehensiveIncomeNetOfTax": "139796000",
            "ebit": "170199000",
            "ebitda": "172799000",
            "netIncome": "131373000"
        },
        {
            "fiscalDateEnding": "2018-10-31",
            "reportedCurrency": "USD",
            "grossProfit": "195918000",
            "totalRevenue": "461368000",
            "costOfRevenue": "265450000",
            "costofGoodsAndServicesSold": "57756000",
            "operatingIncome": "151440000",
            "sellingGeneralAndAdministrative": "44478000",
            "researchAndDevelopment": "None",
            "operatingExpenses": "354432000",
            "investmentIncomeNet": "960000",
            "netInterestIncome": "-4651000",
            "interestIncome": "None",
            "interestExpense": "4651000",
            "nonInterestIncome": "461470000",
            "otherNonOperatingIncome": "1037000",
            "depreciation": "18900000",
            "depreciationAndAmortization": "2900000",
            "incomeBeforeTax": "148786000",
            "incomeTaxExpense": "34703000",
            "interestAndDebtExpense": "4651000",
            "netIncomeFromContinuingOperations": "114083000",
            "comprehensiveIncomeNetOfTax": "106365000",
            "ebit": "153437000",
            "ebitda": "156337000",
            "netIncome": "114083000"
        },
        {
            "fiscalDateEnding": "2018-07-31",
            "reportedCurrency": "USD",
            "grossProfit": "188425000",
            "totalRevenue": "449223000",
            "costOfRevenue": "260798000",
            "costofGoodsAndServicesSold": "50313000",
            "operatingIncome": "134837000",
            "sellingGeneralAndAdministrative": "58357000",
            "researchAndDevelopment": "None",
            "operatingExpenses": "371985000",
            "investmentIncomeNet": "617000",
            "netInterestIncome": "-4599000",
            "interestIncome": "None",
            "interestExpense": "4599000",
            "nonInterestIncome": "804000",
            "otherNonOperatingIncome": "1874000",
            "depreciation": "None",
            "depreciationAndAmortization": "3100000",
            "incomeBeforeTax": "132736000",
            "incomeTaxExpense": "22988000",
            "interestAndDebtExpense": "4599000",
            "netIncomeFromContinuingOperations": "128429000",
            "comprehensiveIncomeNetOfTax": "92232000",
            "ebit": "137335000",
            "ebitda": "140435000",
            "netIncome": "109748000"
        },
        {
            "fiscalDateEnding": "2018-04-30",
            "reportedCurrency": "USD",
            "grossProfit": "219068000",
            "totalRevenue": "478198000",
            "costOfRevenue": "259130000",
            "costofGoodsAndServicesSold": "57538000",
            "operatingIncome": "174619000",
            "sellingGeneralAndAdministrative": "44449000",
            "researchAndDevelopment": "None",
            "operatingExpenses": "348028000",
            "investmentIncomeNet": "282000",
            "netInterestIncome": "-4416000",
            "interestIncome": "None",
            "interestExpense": "4416000",
            "nonInterestIncome": "478198000",
            "otherNonOperatingIncome": "731000",
            "depreciation": "None",
            "depreciationAndAmortization": "3600000",
            "incomeBeforeTax": "171159000",
            "incomeTaxExpense": "43811000",
            "interestAndDebtExpense": "4416000",
            "netIncomeFromContinuingOperations": "127405000",
            "comprehensiveIncomeNetOfTax": "115849000",
            "ebit": "175575000",
            "ebitda": "179175000",
            "netIncome": "127348000"
        }
    ]
}