{
    "symbol": "ED",
    "annualReports": [
        {
            "fiscalDateEnding": "2022-12-31",
            "reportedCurrency": "USD",
            "grossProfit": "10506000000",
            "totalRevenue": "15670000000",
            "costOfRevenue": "5164000000",
            "costofGoodsAndServicesSold": "2835000000",
            "operatingIncome": "2624000000",
            "sellingGeneralAndAdministrative": "3069000000",
            "researchAndDevelopment": "27000000",
            "operatingExpenses": "13046000000",
            "investmentIncomeNet": "20000000",
            "netInterestIncome": "-852000000",
            "interestIncome": "99000000",
            "interestExpense": "852000000",
            "nonInterestIncome": "15636000000",
            "otherNonOperatingIncome": "-115000000",
            "depreciation": "None",
            "depreciationAndAmortization": "2056000000",
            "incomeBeforeTax": "2158000000",
            "incomeTaxExpense": "498000000",
            "interestAndDebtExpense": "852000000",
            "netIncomeFromContinuingOperations": "1600000000",
            "comprehensiveIncomeNetOfTax": "1677000000",
            "ebit": "3010000000",
            "ebitda": "5066000000",
            "netIncome": "1660000000"
        },
        {
            "fiscalDateEnding": "2021-12-31",
            "reportedCurrency": "USD",
            "grossProfit": "8313000000",
            "totalRevenue": "13676000000",
            "costOfRevenue": "5363000000",
            "costofGoodsAndServicesSold": "6008000000",
            "operatingIncome": "2826000000",
            "sellingGeneralAndAdministrative": "2845000000",
            "researchAndDevelopment": "25000000",
            "operatingExpenses": "10850000000",
            "investmentIncomeNet": "-420000000",
            "netInterestIncome": "-905000000",
            "interestIncome": "891000000",
            "interestExpense": "905000000",
            "nonInterestIncome": "13509000000",
            "otherNonOperatingIncome": "-161000000",
            "depreciation": "None",
            "depreciationAndAmortization": "2032000000",
            "incomeBeforeTax": "1536000000",
            "incomeTaxExpense": "190000000",
            "interestAndDebtExpense": "905000000",
            "netIncomeFromContinuingOperations": "1193000000",
            "comprehensiveIncomeNetOfTax": "1376000000",
            "ebit": "2441000000",
            "ebitda": "4473000000",
            "netIncome": "1346000000"
        },
        {
            "fiscalDateEnding": "2020-12-31",
            "reportedCurrency": "USD",
            "grossProfit": "7365000000",
            "totalRevenue": "12246000000",
            "costOfRevenue": "4881000000",
            "costofGoodsAndServicesSold": "5097000000",
            "operatingIncome": "2654000000",
            "sellingGeneralAndAdministrative": "2592000000",
            "researchAndDevelopment": "24000000",
            "operatingExpenses": "9592000000",
            "investmentIncomeNet": "-214000000",
            "netInterestIncome": "-1019000000",
            "interestIncome": "795000000",
            "interestExpense": "1019000000",
            "nonInterestIncome": "11969000000",
            "otherNonOperatingIncome": "-227000000",
            "depreciation": "None",
            "depreciationAndAmortization": "1920000000",
            "incomeBeforeTax": "1191000000",
            "incomeTaxExpense": "90000000",
            "interestAndDebtExpense": "1019000000",
            "netIncomeFromContinuingOperations": "1144000000",
            "comprehensiveIncomeNetOfTax": "1095000000",
            "ebit": "2210000000",
            "ebitda": "4130000000",
            "netIncome": "1101000000"
        },
        {
            "fiscalDateEnding": "2019-12-31",
            "reportedCurrency": "USD",
            "grossProfit": "8402000000",
            "totalRevenue": "12574000000",
            "costOfRevenue": "4172000000",
            "costofGoodsAndServicesSold": "5808000000",
            "operatingIncome": "2676000000",
            "sellingGeneralAndAdministrative": "2453000000",
            "researchAndDevelopment": "24000000",
            "operatingExpenses": "9898000000",
            "investmentIncomeNet": "96000000",
            "netInterestIncome": "-991000000",
            "interestIncome": "779000000",
            "interestExpense": "991000000",
            "nonInterestIncome": "12117000000",
            "otherNonOperatingIncome": "-104000000",
            "depreciation": "None",
            "depreciationAndAmortization": "1684000000",
            "incomeBeforeTax": "1639000000",
            "incomeTaxExpense": "296000000",
            "interestAndDebtExpense": "991000000",
            "netIncomeFromContinuingOperations": "1440000000",
            "comprehensiveIncomeNetOfTax": "1340000000",
            "ebit": "2630000000",
            "ebitda": "4314000000",
            "netIncome": "1343000000"
        },
        {
            "fiscalDateEnding": "2018-12-31",
            "reportedCurrency": "USD",
            "grossProfit": "8579000000",
            "totalRevenue": "12337000000",
            "costOfRevenue": "3758000000",
            "costofGoodsAndServicesSold": "6100000000",
            "operatingIncome": "2664000000",
            "sellingGeneralAndAdministrative": "2280000000",
            "researchAndDevelopment": "24000000",
            "operatingExpenses": "9804000000",
            "investmentIncomeNet": "119000000",
            "netInterestIncome": "-829000000",
            "interestIncome": "-10000000",
            "interestExpense": "819000000",
            "nonInterestIncome": "11920000000",
            "otherNonOperatingIncome": "-210000000",
            "depreciation": "None",
            "depreciationAndAmortization": "1438000000",
            "incomeBeforeTax": "1783000000",
            "incomeTaxExpense": "401000000",
            "interestAndDebtExpense": "819000000",
            "netIncomeFromContinuingOperations": "1382000000",
            "comprehensiveIncomeNetOfTax": "1392000000",
            "ebit": "2602000000",
            "ebitda": "4040000000",
            "netIncome": "1382000000"
        }
    ],
    "quarterlyReports": [
        {
            "fiscalDateEnding": "2022-12-31",
            "reportedCurrency": "USD",
            "grossProfit": "2725000000",
            "totalRevenue": "4031000000",
            "costOfRevenue": "1306000000",
            "costofGoodsAndServicesSold": "-2889000000",
            "operatingIncome": "550000000",
            "sellingGeneralAndAdministrative": "821000000",
            "researchAndDevelopment": "None",
            "operatingExpenses": "3481000000",
            "investmentIncomeNet": "5000000",
            "netInterestIncome": "-266000000",
            "interestIncome": "20000000",
            "interestExpense": "266000000",
            "nonInterestIncome": "3972000000",
            "otherNonOperatingIncome": "-58000000",
            "depreciation": "None",
            "depreciationAndAmortization": "463000000",
            "incomeBeforeTax": "358000000",
            "incomeTaxExpense": "168000000",
            "interestAndDebtExpense": "266000000",
            "netIncomeFromContinuingOperations": "-121000000",
            "comprehensiveIncomeNetOfTax": "201000000",
            "ebit": "624000000",
            "ebitda": "1087000000",
            "netIncome": "190000000"
        },
        {
            "fiscalDateEnding": "2022-09-30",
            "reportedCurrency": "USD",
            "grossProfit": "2860000000",
            "totalRevenue": "4165000000",
            "costOfRevenue": "1305000000",
            "costofGoodsAndServicesSold": "1974000000",
            "operatingIncome": "889000000",
            "sellingGeneralAndAdministrative": "777000000",
            "researchAndDevelopment": "None",
            "operatingExpenses": "3276000000",
            "investmentIncomeNet": "5000000",
            "netInterestIncome": "-199000000",
            "interestIncome": "226000000",
            "interestExpense": "199000000",
            "nonInterestIncome": "4162000000",
            "otherNonOperatingIncome": "-21000000",
            "depreciation": "None",
            "depreciationAndAmortization": "525000000",
            "incomeBeforeTax": "773000000",
            "incomeTaxExpense": "160000000",
            "interestAndDebtExpense": "199000000",
            "netIncomeFromContinuingOperations": "619000000",
            "comprehensiveIncomeNetOfTax": "614000000",
            "ebit": "972000000",
            "ebitda": "1497000000",
            "netIncome": "613000000"
        },
        {
            "fiscalDateEnding": "2022-06-30",
            "reportedCurrency": "USD",
            "grossProfit": "2152000000",
            "totalRevenue": "3415000000",
            "costOfRevenue": "1263000000",
            "costofGoodsAndServicesSold": "1771000000",
            "operatingIncome": "387000000",
            "sellingGeneralAndAdministrative": "718000000",
            "researchAndDevelopment": "None",
            "operatingExpenses": "3028000000",
            "investmentIncomeNet": "5000000",
            "netInterestIncome": "-205000000",
            "interestIncome": "32000000",
            "interestExpense": "205000000",
            "nonInterestIncome": "3381000000",
            "otherNonOperatingIncome": "-34000000",
            "depreciation": "None",
            "depreciationAndAmortization": "539000000",
            "incomeBeforeTax": "272000000",
            "incomeTaxExpense": "17000000",
            "interestAndDebtExpense": "205000000",
            "netIncomeFromContinuingOperations": "254000000",
            "comprehensiveIncomeNetOfTax": "260000000",
            "ebit": "477000000",
            "ebitda": "1016000000",
            "netIncome": "255000000"
        },
        {
            "fiscalDateEnding": "2022-03-31",
            "reportedCurrency": "USD",
            "grossProfit": "2770000000",
            "totalRevenue": "4060000000",
            "costOfRevenue": "1290000000",
            "costofGoodsAndServicesSold": "1979000000",
            "operatingIncome": "799000000",
            "sellingGeneralAndAdministrative": "753000000",
            "researchAndDevelopment": "None",
            "operatingExpenses": "3261000000",
            "investmentIncomeNet": "5000000",
            "netInterestIncome": "-182000000",
            "interestIncome": "56000000",
            "interestExpense": "182000000",
            "nonInterestIncome": "4021000000",
            "otherNonOperatingIncome": "-2000000",
            "depreciation": "None",
            "depreciationAndAmortization": "529000000",
            "incomeBeforeTax": "755000000",
            "incomeTaxExpense": "153000000",
            "interestAndDebtExpense": "182000000",
            "netIncomeFromContinuingOperations": "554000000",
            "comprehensiveIncomeNetOfTax": "602000000",
            "ebit": "937000000",
            "ebitda": "1466000000",
            "netIncome": "602000000"
        },
        {
            "fiscalDateEnding": "2021-12-31",
            "reportedCurrency": "USD",
            "grossProfit": "1687000000",
            "totalRevenue": "3415000000",
            "costOfRevenue": "1728000000",
            "costofGoodsAndServicesSold": "1490000000",
            "operatingIncome": "697000000",
            "sellingGeneralAndAdministrative": "742000000",
            "researchAndDevelopment": "None",
            "operatingExpenses": "2718000000",
            "investmentIncomeNet": "-240000000",
            "netInterestIncome": "-236000000",
            "interestIncome": "238000000",
            "interestExpense": "236000000",
            "nonInterestIncome": "3271000000",
            "otherNonOperatingIncome": "-48000000",
            "depreciation": "None",
            "depreciationAndAmortization": "521000000",
            "incomeBeforeTax": "220000000",
            "incomeTaxExpense": "-4000000",
            "interestAndDebtExpense": "236000000",
            "netIncomeFromContinuingOperations": "186000000",
            "comprehensiveIncomeNetOfTax": "246000000",
            "ebit": "456000000",
            "ebitda": "977000000",
            "netIncome": "224000000"
        },
        {
            "fiscalDateEnding": "2021-09-30",
            "reportedCurrency": "USD",
            "grossProfit": "2367000000",
            "totalRevenue": "3613000000",
            "costOfRevenue": "1246000000",
            "costofGoodsAndServicesSold": "1524000000",
            "operatingIncome": "850000000",
            "sellingGeneralAndAdministrative": "727000000",
            "researchAndDevelopment": "None",
            "operatingExpenses": "2763000000",
            "investmentIncomeNet": "5000000",
            "netInterestIncome": "-232000000",
            "interestIncome": "229000000",
            "interestExpense": "232000000",
            "nonInterestIncome": "3659000000",
            "otherNonOperatingIncome": "-37000000",
            "depreciation": "None",
            "depreciationAndAmortization": "512000000",
            "incomeBeforeTax": "665000000",
            "incomeTaxExpense": "127000000",
            "interestAndDebtExpense": "232000000",
            "netIncomeFromContinuingOperations": "469000000",
            "comprehensiveIncomeNetOfTax": "540000000",
            "ebit": "897000000",
            "ebitda": "1409000000",
            "netIncome": "538000000"
        },
        {
            "fiscalDateEnding": "2021-06-30",
            "reportedCurrency": "USD",
            "grossProfit": "1792000000",
            "totalRevenue": "2971000000",
            "costOfRevenue": "1179000000",
            "costofGoodsAndServicesSold": "1379000000",
            "operatingIncome": "418000000",
            "sellingGeneralAndAdministrative": "672000000",
            "researchAndDevelopment": "None",
            "operatingExpenses": "2553000000",
            "investmentIncomeNet": "-24000000",
            "netInterestIncome": "-261000000",
            "interestIncome": "211000000",
            "interestExpense": "261000000",
            "nonInterestIncome": "2950000000",
            "otherNonOperatingIncome": "-38000000",
            "depreciation": "None",
            "depreciationAndAmortization": "502000000",
            "incomeBeforeTax": "154000000",
            "incomeTaxExpense": "-11000000",
            "interestAndDebtExpense": "261000000",
            "netIncomeFromContinuingOperations": "118000000",
            "comprehensiveIncomeNetOfTax": "167000000",
            "ebit": "415000000",
            "ebitda": "917000000",
            "netIncome": "165000000"
        },
        {
            "fiscalDateEnding": "2021-03-31",
            "reportedCurrency": "USD",
            "grossProfit": "2468000000",
            "totalRevenue": "3677000000",
            "costOfRevenue": "1209000000",
            "costofGoodsAndServicesSold": "93000000",
            "operatingIncome": "860000000",
            "sellingGeneralAndAdministrative": "704000000",
            "researchAndDevelopment": "None",
            "operatingExpenses": "2817000000",
            "investmentIncomeNet": "-161000000",
            "netInterestIncome": "-176000000",
            "interestIncome": "212000000",
            "interestExpense": "176000000",
            "nonInterestIncome": "3667000000",
            "otherNonOperatingIncome": "-36000000",
            "depreciation": "None",
            "depreciationAndAmortization": "497000000",
            "incomeBeforeTax": "497000000",
            "incomeTaxExpense": "78000000",
            "interestAndDebtExpense": "176000000",
            "netIncomeFromContinuingOperations": "420000000",
            "comprehensiveIncomeNetOfTax": "423000000",
            "ebit": "673000000",
            "ebitda": "1170000000",
            "netIncome": "419000000"
        },
        {
            "fiscalDateEnding": "2020-12-31",
            "reportedCurrency": "USD",
            "grossProfit": "1439000000",
            "totalRevenue": "2960000000",
            "costOfRevenue": "1521000000",
            "costofGoodsAndServicesSold": "1301000000",
            "operatingIncome": "507000000",
            "sellingGeneralAndAdministrative": "677000000",
            "researchAndDevelopment": "None",
            "operatingExpenses": "2453000000",
            "investmentIncomeNet": "-292000000",
            "netInterestIncome": "-222000000",
            "interestIncome": "518000000",
            "interestExpense": "222000000",
            "nonInterestIncome": "2926000000",
            "otherNonOperatingIncome": "-50000000",
            "depreciation": "None",
            "depreciationAndAmortization": "492000000",
            "incomeBeforeTax": "-50000000",
            "incomeTaxExpense": "-93000000",
            "interestAndDebtExpense": "222000000",
            "netIncomeFromContinuingOperations": "49000000",
            "comprehensiveIncomeNetOfTax": "30000000",
            "ebit": "172000000",
            "ebitda": "664000000",
            "netIncome": "43000000"
        },
        {
            "fiscalDateEnding": "2020-09-30",
            "reportedCurrency": "USD",
            "grossProfit": "2170000000",
            "totalRevenue": "3333000000",
            "costOfRevenue": "1163000000",
            "costofGoodsAndServicesSold": "1318000000",
            "operatingIncome": "860000000",
            "sellingGeneralAndAdministrative": "673000000",
            "researchAndDevelopment": "None",
            "operatingExpenses": "2473000000",
            "investmentIncomeNet": "27000000",
            "netInterestIncome": "-226000000",
            "interestIncome": "195000000",
            "interestExpense": "226000000",
            "nonInterestIncome": "3338000000",
            "otherNonOperatingIncome": "-50000000",
            "depreciation": "None",
            "depreciationAndAmortization": "482000000",
            "incomeBeforeTax": "612000000",
            "incomeTaxExpense": "119000000",
            "interestAndDebtExpense": "226000000",
            "netIncomeFromContinuingOperations": "502000000",
            "comprehensiveIncomeNetOfTax": "495000000",
            "ebit": "838000000",
            "ebitda": "1320000000",
            "netIncome": "493000000"
        },
        {
            "fiscalDateEnding": "2020-06-30",
            "reportedCurrency": "USD",
            "grossProfit": "1636000000",
            "totalRevenue": "2719000000",
            "costOfRevenue": "1083000000",
            "costofGoodsAndServicesSold": "1160000000",
            "operatingIncome": "479000000",
            "sellingGeneralAndAdministrative": "604000000",
            "researchAndDevelopment": "None",
            "operatingExpenses": "2240000000",
            "investmentIncomeNet": "25000000",
            "netInterestIncome": "-249000000",
            "interestIncome": "-2000000",
            "interestExpense": "247000000",
            "nonInterestIncome": "2627000000",
            "otherNonOperatingIncome": "-55000000",
            "depreciation": "None",
            "depreciationAndAmortization": "476000000",
            "incomeBeforeTax": "199000000",
            "incomeTaxExpense": "9000000",
            "interestAndDebtExpense": "247000000",
            "netIncomeFromContinuingOperations": "202000000",
            "comprehensiveIncomeNetOfTax": "190000000",
            "ebit": "446000000",
            "ebitda": "922000000",
            "netIncome": "190000000"
        },
        {
            "fiscalDateEnding": "2020-03-31",
            "reportedCurrency": "USD",
            "grossProfit": "2121000000",
            "totalRevenue": "3234000000",
            "costOfRevenue": "1113000000",
            "costofGoodsAndServicesSold": "1318000000",
            "operatingIncome": "808000000",
            "sellingGeneralAndAdministrative": "638000000",
            "researchAndDevelopment": "None",
            "operatingExpenses": "2426000000",
            "investmentIncomeNet": "26000000",
            "netInterestIncome": "-325000000",
            "interestIncome": "-3000000",
            "interestExpense": "322000000",
            "nonInterestIncome": "3074000000",
            "otherNonOperatingIncome": "-72000000",
            "depreciation": "None",
            "depreciationAndAmortization": "470000000",
            "incomeBeforeTax": "430000000",
            "incomeTaxExpense": "55000000",
            "interestAndDebtExpense": "322000000",
            "netIncomeFromContinuingOperations": "392000000",
            "comprehensiveIncomeNetOfTax": "380000000",
            "ebit": "752000000",
            "ebitda": "1222000000",
            "netIncome": "375000000"
        },
        {
            "fiscalDateEnding": "2019-12-31",
            "reportedCurrency": "USD",
            "grossProfit": "1847000000",
            "totalRevenue": "2951000000",
            "costOfRevenue": "1104000000",
            "costofGoodsAndServicesSold": "1349000000",
            "operatingIncome": "565000000",
            "sellingGeneralAndAdministrative": "653000000",
            "researchAndDevelopment": "None",
            "operatingExpenses": "2386000000",
            "investmentIncomeNet": "26000000",
            "netInterestIncome": "-209000000",
            "interestIncome": "10000000",
            "interestExpense": "219000000",
            "nonInterestIncome": "2908000000",
            "otherNonOperatingIncome": "-28000000",
            "depreciation": "None",
            "depreciationAndAmortization": "431000000",
            "incomeBeforeTax": "348000000",
            "incomeTaxExpense": "53000000",
            "interestAndDebtExpense": "219000000",
            "netIncomeFromContinuingOperations": "313000000",
            "comprehensiveIncomeNetOfTax": "286000000",
            "ebit": "567000000",
            "ebitda": "998000000",
            "netIncome": "295000000"
        },
        {
            "fiscalDateEnding": "2019-09-30",
            "reportedCurrency": "USD",
            "grossProfit": "2322000000",
            "totalRevenue": "3365000000",
            "costOfRevenue": "1043000000",
            "costofGoodsAndServicesSold": "1459000000",
            "operatingIncome": "867000000",
            "sellingGeneralAndAdministrative": "618000000",
            "researchAndDevelopment": "None",
            "operatingExpenses": "2498000000",
            "investmentIncomeNet": "25000000",
            "netInterestIncome": "-265000000",
            "interestIncome": "-3000000",
            "interestExpense": "262000000",
            "nonInterestIncome": "3337000000",
            "otherNonOperatingIncome": "-25000000",
            "depreciation": "None",
            "depreciationAndAmortization": "421000000",
            "incomeBeforeTax": "589000000",
            "incomeTaxExpense": "116000000",
            "interestAndDebtExpense": "262000000",
            "netIncomeFromContinuingOperations": "503000000",
            "comprehensiveIncomeNetOfTax": "474000000",
            "ebit": "851000000",
            "ebitda": "1272000000",
            "netIncome": "473000000"
        },
        {
            "fiscalDateEnding": "2019-06-30",
            "reportedCurrency": "USD",
            "grossProfit": "1740000000",
            "totalRevenue": "2744000000",
            "costOfRevenue": "1004000000",
            "costofGoodsAndServicesSold": "1066000000",
            "operatingIncome": "458000000",
            "sellingGeneralAndAdministrative": "578000000",
            "researchAndDevelopment": "None",
            "operatingExpenses": "2286000000",
            "investmentIncomeNet": "22000000",
            "netInterestIncome": "-266000000",
            "interestIncome": "194000000",
            "interestExpense": "266000000",
            "nonInterestIncome": "2604000000",
            "otherNonOperatingIncome": "-27000000",
            "depreciation": "None",
            "depreciationAndAmortization": "418000000",
            "incomeBeforeTax": "171000000",
            "incomeTaxExpense": "19000000",
            "interestAndDebtExpense": "263000000",
            "netIncomeFromContinuingOperations": "179000000",
            "comprehensiveIncomeNetOfTax": "153000000",
            "ebit": "458000000",
            "ebitda": "855000000",
            "netIncome": "152000000"
        },
        {
            "fiscalDateEnding": "2019-03-31",
            "reportedCurrency": "USD",
            "grossProfit": "2493000000",
            "totalRevenue": "3514000000",
            "costOfRevenue": "1021000000",
            "costofGoodsAndServicesSold": "1710000000",
            "operatingIncome": "786000000",
            "sellingGeneralAndAdministrative": "605000000",
            "researchAndDevelopment": "None",
            "operatingExpenses": "2728000000",
            "investmentIncomeNet": "24000000",
            "netInterestIncome": "-250000000",
            "interestIncome": "194000000",
            "interestExpense": "250000000",
            "nonInterestIncome": "3318000000",
            "otherNonOperatingIncome": "-24000000",
            "depreciation": "None",
            "depreciationAndAmortization": "413000000",
            "incomeBeforeTax": "532000000",
            "incomeTaxExpense": "108000000",
            "interestAndDebtExpense": "247000000",
            "netIncomeFromContinuingOperations": "445000000",
            "comprehensiveIncomeNetOfTax": "428000000",
            "ebit": "786000000",
            "ebitda": "1195000000",
            "netIncome": "424000000"
        },
        {
            "fiscalDateEnding": "2018-12-31",
            "reportedCurrency": "USD",
            "grossProfit": "1976000000",
            "totalRevenue": "2949000000",
            "costOfRevenue": "973000000",
            "costofGoodsAndServicesSold": "1487000000",
            "operatingIncome": "657000000",
            "sellingGeneralAndAdministrative": "573000000",
            "researchAndDevelopment": "24000000",
            "operatingExpenses": "2423000000",
            "investmentIncomeNet": "23000000",
            "netInterestIncome": "-225000000",
            "interestIncome": "-10000000",
            "interestExpense": "215000000",
            "nonInterestIncome": "2808000000",
            "otherNonOperatingIncome": "-56000000",
            "depreciation": "None",
            "depreciationAndAmortization": "377000000",
            "incomeBeforeTax": "402000000",
            "incomeTaxExpense": "71000000",
            "interestAndDebtExpense": "222000000",
            "netIncomeFromContinuingOperations": "331000000",
            "comprehensiveIncomeNetOfTax": "333000000",
            "ebit": "657000000",
            "ebitda": "994000000",
            "netIncome": "331000000"
        },
        {
            "fiscalDateEnding": "2018-09-30",
            "reportedCurrency": "USD",
            "grossProfit": "2363000000",
            "totalRevenue": "3328000000",
            "costOfRevenue": "965000000",
            "costofGoodsAndServicesSold": "1545000000",
            "operatingIncome": "826000000",
            "sellingGeneralAndAdministrative": "597000000",
            "researchAndDevelopment": "None",
            "operatingExpenses": "2502000000",
            "investmentIncomeNet": "39000000",
            "netInterestIncome": "-208000000",
            "interestIncome": "None",
            "interestExpense": "208000000",
            "nonInterestIncome": "3298000000",
            "otherNonOperatingIncome": "-61000000",
            "depreciation": "None",
            "depreciationAndAmortization": "360000000",
            "incomeBeforeTax": "610000000",
            "incomeTaxExpense": "175000000",
            "interestAndDebtExpense": "205000000",
            "netIncomeFromContinuingOperations": "435000000",
            "comprehensiveIncomeNetOfTax": "437000000",
            "ebit": "826000000",
            "ebitda": "1178000000",
            "netIncome": "435000000"
        },
        {
            "fiscalDateEnding": "2018-06-30",
            "reportedCurrency": "USD",
            "grossProfit": "1796000000",
            "totalRevenue": "2696000000",
            "costOfRevenue": "900000000",
            "costofGoodsAndServicesSold": "1376000000",
            "operatingIncome": "426000000",
            "sellingGeneralAndAdministrative": "540000000",
            "researchAndDevelopment": "None",
            "operatingExpenses": "2270000000",
            "investmentIncomeNet": "36000000",
            "netInterestIncome": "-199000000",
            "interestIncome": "None",
            "interestExpense": "199000000",
            "nonInterestIncome": "2582000000",
            "otherNonOperatingIncome": "-48000000",
            "depreciation": "None",
            "depreciationAndAmortization": "354000000",
            "incomeBeforeTax": "226000000",
            "incomeTaxExpense": "38000000",
            "interestAndDebtExpense": "197000000",
            "netIncomeFromContinuingOperations": "188000000",
            "comprehensiveIncomeNetOfTax": "190000000",
            "ebit": "426000000",
            "ebitda": "779000000",
            "netIncome": "188000000"
        },
        {
            "fiscalDateEnding": "2018-03-31",
            "reportedCurrency": "USD",
            "grossProfit": "1588000000",
            "totalRevenue": "3364000000",
            "costOfRevenue": "1776000000",
            "costofGoodsAndServicesSold": "855000000",
            "operatingIncome": "755000000",
            "sellingGeneralAndAdministrative": "570000000",
            "researchAndDevelopment": "None",
            "operatingExpenses": "2609000000",
            "investmentIncomeNet": "20000000",
            "netInterestIncome": "-197000000",
            "interestIncome": "None",
            "interestExpense": "197000000",
            "nonInterestIncome": "3334000000",
            "otherNonOperatingIncome": "-45000000",
            "depreciation": "None",
            "depreciationAndAmortization": "348000000",
            "incomeBeforeTax": "545000000",
            "incomeTaxExpense": "117000000",
            "interestAndDebtExpense": "195000000",
            "netIncomeFromContinuingOperations": "428000000",
            "comprehensiveIncomeNetOfTax": "432000000",
            "ebit": "755000000",
            "ebitda": "1090000000",
            "netIncome": "428000000"
        }
    ]
}