{
    "symbol": "HII",
    "annualReports": [
        {
            "fiscalDateEnding": "2022-12-31",
            "reportedCurrency": "USD",
            "grossProfit": "9612000000",
            "totalRevenue": "10676000000",
            "costOfRevenue": "1064000000",
            "costofGoodsAndServicesSold": "6225000000",
            "operatingIncome": "565000000",
            "sellingGeneralAndAdministrative": "924000000",
            "researchAndDevelopment": "40000000",
            "operatingExpenses": "1097000000",
            "investmentIncomeNet": "None",
            "netInterestIncome": "-102000000",
            "interestIncome": "102000000",
            "interestExpense": "102000000",
            "nonInterestIncome": "None",
            "otherNonOperatingIncome": "-20000000",
            "depreciation": "218000000",
            "depreciationAndAmortization": "140000000",
            "incomeBeforeTax": "719000000",
            "incomeTaxExpense": "140000000",
            "interestAndDebtExpense": "102000000",
            "netIncomeFromContinuingOperations": "579000000",
            "comprehensiveIncomeNetOfTax": "903000000",
            "ebit": "821000000",
            "ebitda": "961000000",
            "netIncome": "579000000"
        },
        {
            "fiscalDateEnding": "2021-12-31",
            "reportedCurrency": "USD",
            "grossProfit": "8540000000",
            "totalRevenue": "9524000000",
            "costOfRevenue": "984000000",
            "costofGoodsAndServicesSold": "8156000000",
            "operatingIncome": "513000000",
            "sellingGeneralAndAdministrative": "898000000",
            "researchAndDevelopment": "34000000",
            "operatingExpenses": "1025000000",
            "investmentIncomeNet": "None",
            "netInterestIncome": "-89000000",
            "interestIncome": "89000000",
            "interestExpense": "89000000",
            "nonInterestIncome": "None",
            "otherNonOperatingIncome": "17000000",
            "depreciation": "207000000",
            "depreciationAndAmortization": "86000000",
            "incomeBeforeTax": "622000000",
            "incomeTaxExpense": "78000000",
            "interestAndDebtExpense": "89000000",
            "netIncomeFromContinuingOperations": "544000000",
            "comprehensiveIncomeNetOfTax": "1168000000",
            "ebit": "711000000",
            "ebitda": "797000000",
            "netIncome": "544000000"
        },
        {
            "fiscalDateEnding": "2020-12-31",
            "reportedCurrency": "USD",
            "grossProfit": "8388000000",
            "totalRevenue": "9361000000",
            "costOfRevenue": "973000000",
            "costofGoodsAndServicesSold": "7691000000",
            "operatingIncome": "799000000",
            "sellingGeneralAndAdministrative": "904000000",
            "researchAndDevelopment": "31000000",
            "operatingExpenses": "1003000000",
            "investmentIncomeNet": "None",
            "netInterestIncome": "-114000000",
            "interestIncome": "114000000",
            "interestExpense": "114000000",
            "nonInterestIncome": "-21000000",
            "otherNonOperatingIncome": "6000000",
            "depreciation": "191000000",
            "depreciationAndAmortization": "56000000",
            "incomeBeforeTax": "810000000",
            "incomeTaxExpense": "114000000",
            "interestAndDebtExpense": "135000000",
            "netIncomeFromContinuingOperations": "696000000",
            "comprehensiveIncomeNetOfTax": "558000000",
            "ebit": "924000000",
            "ebitda": "980000000",
            "netIncome": "696000000"
        },
        {
            "fiscalDateEnding": "2019-12-31",
            "reportedCurrency": "USD",
            "grossProfit": "8035000000",
            "totalRevenue": "8899000000",
            "costOfRevenue": "864000000",
            "costofGoodsAndServicesSold": "7368000000",
            "operatingIncome": "736000000",
            "sellingGeneralAndAdministrative": "788000000",
            "researchAndDevelopment": "23000000",
            "operatingExpenses": "881000000",
            "investmentIncomeNet": "None",
            "netInterestIncome": "-70000000",
            "interestIncome": "70000000",
            "interestExpense": "70000000",
            "nonInterestIncome": "None",
            "otherNonOperatingIncome": "5000000",
            "depreciation": "180000000",
            "depreciationAndAmortization": "47000000",
            "incomeBeforeTax": "683000000",
            "incomeTaxExpense": "134000000",
            "interestAndDebtExpense": "70000000",
            "netIncomeFromContinuingOperations": "549000000",
            "comprehensiveIncomeNetOfTax": "428000000",
            "ebit": "753000000",
            "ebitda": "800000000",
            "netIncome": "549000000"
        },
        {
            "fiscalDateEnding": "2018-12-31",
            "reportedCurrency": "USD",
            "grossProfit": "7269000000",
            "totalRevenue": "8176000000",
            "costOfRevenue": "907000000",
            "costofGoodsAndServicesSold": "6385000000",
            "operatingIncome": "951000000",
            "sellingGeneralAndAdministrative": "871000000",
            "researchAndDevelopment": "25000000",
            "operatingExpenses": "928000000",
            "investmentIncomeNet": "None",
            "netInterestIncome": "-58000000",
            "interestIncome": "58000000",
            "interestExpense": "58000000",
            "nonInterestIncome": "None",
            "otherNonOperatingIncome": "4000000",
            "depreciation": "167000000",
            "depreciationAndAmortization": "36000000",
            "incomeBeforeTax": "971000000",
            "incomeTaxExpense": "135000000",
            "interestAndDebtExpense": "58000000",
            "netIncomeFromContinuingOperations": "836000000",
            "comprehensiveIncomeNetOfTax": "661000000",
            "ebit": "1029000000",
            "ebitda": "1065000000",
            "netIncome": "836000000"
        }
    ],
    "quarterlyReports": [
        {
            "fiscalDateEnding": "2022-12-31",
            "reportedCurrency": "USD",
            "grossProfit": "2541000000",
            "totalRevenue": "2812000000",
            "costOfRevenue": "271000000",
            "costofGoodsAndServicesSold": "1714000000",
            "operatingIncome": "105000000",
            "sellingGeneralAndAdministrative": "236000000",
            "researchAndDevelopment": "None",
            "operatingExpenses": "311000000",
            "investmentIncomeNet": "None",
            "netInterestIncome": "-23000000",
            "interestIncome": "23000000",
            "interestExpense": "23000000",
            "nonInterestIncome": "None",
            "otherNonOperatingIncome": "10000000",
            "depreciation": "60000000",
            "depreciationAndAmortization": "35000000",
            "incomeBeforeTax": "159000000",
            "incomeTaxExpense": "36000000",
            "interestAndDebtExpense": "23000000",
            "netIncomeFromContinuingOperations": "123000000",
            "comprehensiveIncomeNetOfTax": "494000000",
            "ebit": "182000000",
            "ebitda": "217000000",
            "netIncome": "123000000"
        },
        {
            "fiscalDateEnding": "2022-09-30",
            "reportedCurrency": "USD",
            "grossProfit": "2382000000",
            "totalRevenue": "2626000000",
            "costOfRevenue": "244000000",
            "costofGoodsAndServicesSold": "2264000000",
            "operatingIncome": "131000000",
            "sellingGeneralAndAdministrative": "244000000",
            "researchAndDevelopment": "None",
            "operatingExpenses": "244000000",
            "investmentIncomeNet": "None",
            "netInterestIncome": "-27000000",
            "interestIncome": "27000000",
            "interestExpense": "27000000",
            "nonInterestIncome": "None",
            "otherNonOperatingIncome": "-13000000",
            "depreciation": "54000000",
            "depreciationAndAmortization": "35000000",
            "incomeBeforeTax": "162000000",
            "incomeTaxExpense": "24000000",
            "interestAndDebtExpense": "27000000",
            "netIncomeFromContinuingOperations": "138000000",
            "comprehensiveIncomeNetOfTax": "146000000",
            "ebit": "189000000",
            "ebitda": "224000000",
            "netIncome": "138000000"
        },
        {
            "fiscalDateEnding": "2022-06-30",
            "reportedCurrency": "USD",
            "grossProfit": "2435000000",
            "totalRevenue": "2662000000",
            "costOfRevenue": "227000000",
            "costofGoodsAndServicesSold": "2272000000",
            "operatingIncome": "191000000",
            "sellingGeneralAndAdministrative": "227000000",
            "researchAndDevelopment": "None",
            "operatingExpenses": "227000000",
            "investmentIncomeNet": "None",
            "netInterestIncome": "-26000000",
            "interestIncome": "26000000",
            "interestExpense": "26000000",
            "nonInterestIncome": "None",
            "otherNonOperatingIncome": "-10000000",
            "depreciation": "52000000",
            "depreciationAndAmortization": "35000000",
            "incomeBeforeTax": "222000000",
            "incomeTaxExpense": "44000000",
            "interestAndDebtExpense": "26000000",
            "netIncomeFromContinuingOperations": "178000000",
            "comprehensiveIncomeNetOfTax": "187000000",
            "ebit": "248000000",
            "ebitda": "283000000",
            "netIncome": "178000000"
        },
        {
            "fiscalDateEnding": "2022-03-31",
            "reportedCurrency": "USD",
            "grossProfit": "2324000000",
            "totalRevenue": "2576000000",
            "costOfRevenue": "252000000",
            "costofGoodsAndServicesSold": "2227000000",
            "operatingIncome": "138000000",
            "sellingGeneralAndAdministrative": "217000000",
            "researchAndDevelopment": "None",
            "operatingExpenses": "245000000",
            "investmentIncomeNet": "None",
            "netInterestIncome": "-26000000",
            "interestIncome": "26000000",
            "interestExpense": "26000000",
            "nonInterestIncome": "None",
            "otherNonOperatingIncome": "-7000000",
            "depreciation": "52000000",
            "depreciationAndAmortization": "35000000",
            "incomeBeforeTax": "176000000",
            "incomeTaxExpense": "36000000",
            "interestAndDebtExpense": "26000000",
            "netIncomeFromContinuingOperations": "140000000",
            "comprehensiveIncomeNetOfTax": "76000000",
            "ebit": "202000000",
            "ebitda": "237000000",
            "netIncome": "140000000"
        },
        {
            "fiscalDateEnding": "2021-12-31",
            "reportedCurrency": "USD",
            "grossProfit": "2377000000",
            "totalRevenue": "2677000000",
            "costOfRevenue": "300000000",
            "costofGoodsAndServicesSold": "2304000000",
            "operatingIncome": "120000000",
            "sellingGeneralAndAdministrative": "262000000",
            "researchAndDevelopment": "None",
            "operatingExpenses": "341000000",
            "investmentIncomeNet": "None",
            "netInterestIncome": "-26000000",
            "interestIncome": "26000000",
            "interestExpense": "26000000",
            "nonInterestIncome": "None",
            "otherNonOperatingIncome": "7000000",
            "depreciation": "53000000",
            "depreciationAndAmortization": "38000000",
            "incomeBeforeTax": "147000000",
            "incomeTaxExpense": "27000000",
            "interestAndDebtExpense": "26000000",
            "netIncomeFromContinuingOperations": "120000000",
            "comprehensiveIncomeNetOfTax": "667000000",
            "ebit": "173000000",
            "ebitda": "211000000",
            "netIncome": "120000000"
        },
        {
            "fiscalDateEnding": "2021-09-30",
            "reportedCurrency": "USD",
            "grossProfit": "2090000000",
            "totalRevenue": "2338000000",
            "costOfRevenue": "248000000",
            "costofGoodsAndServicesSold": "2007000000",
            "operatingIncome": "118000000",
            "sellingGeneralAndAdministrative": "226000000",
            "researchAndDevelopment": "None",
            "operatingExpenses": "248000000",
            "investmentIncomeNet": "None",
            "netInterestIncome": "-24000000",
            "interestIncome": "24000000",
            "interestExpense": "24000000",
            "nonInterestIncome": "None",
            "otherNonOperatingIncome": "2000000",
            "depreciation": "52000000",
            "depreciationAndAmortization": "22000000",
            "incomeBeforeTax": "141000000",
            "incomeTaxExpense": "-6000000",
            "interestAndDebtExpense": "24000000",
            "netIncomeFromContinuingOperations": "147000000",
            "comprehensiveIncomeNetOfTax": "178000000",
            "ebit": "165000000",
            "ebitda": "187000000",
            "netIncome": "147000000"
        },
        {
            "fiscalDateEnding": "2021-06-30",
            "reportedCurrency": "USD",
            "grossProfit": "2014000000",
            "totalRevenue": "2231000000",
            "costOfRevenue": "217000000",
            "costofGoodsAndServicesSold": "1909000000",
            "operatingIncome": "128000000",
            "sellingGeneralAndAdministrative": "204000000",
            "researchAndDevelopment": "None",
            "operatingExpenses": "217000000",
            "investmentIncomeNet": "None",
            "netInterestIncome": "-18000000",
            "interestIncome": "18000000",
            "interestExpense": "18000000",
            "nonInterestIncome": "None",
            "otherNonOperatingIncome": "7000000",
            "depreciation": "50000000",
            "depreciationAndAmortization": "13000000",
            "incomeBeforeTax": "161000000",
            "incomeTaxExpense": "32000000",
            "interestAndDebtExpense": "18000000",
            "netIncomeFromContinuingOperations": "129000000",
            "comprehensiveIncomeNetOfTax": "151000000",
            "ebit": "179000000",
            "ebitda": "192000000",
            "netIncome": "129000000"
        },
        {
            "fiscalDateEnding": "2021-03-31",
            "reportedCurrency": "USD",
            "grossProfit": "2059000000",
            "totalRevenue": "2278000000",
            "costOfRevenue": "219000000",
            "costofGoodsAndServicesSold": "1936000000",
            "operatingIncome": "147000000",
            "sellingGeneralAndAdministrative": "206000000",
            "researchAndDevelopment": "None",
            "operatingExpenses": "216000000",
            "investmentIncomeNet": "None",
            "netInterestIncome": "-21000000",
            "interestIncome": "21000000",
            "interestExpense": "21000000",
            "nonInterestIncome": "3000000",
            "otherNonOperatingIncome": "1000000",
            "depreciation": "52000000",
            "depreciationAndAmortization": "13000000",
            "incomeBeforeTax": "173000000",
            "incomeTaxExpense": "25000000",
            "interestAndDebtExpense": "21000000",
            "netIncomeFromContinuingOperations": "148000000",
            "comprehensiveIncomeNetOfTax": "172000000",
            "ebit": "194000000",
            "ebitda": "207000000",
            "netIncome": "148000000"
        },
        {
            "fiscalDateEnding": "2020-12-31",
            "reportedCurrency": "USD",
            "grossProfit": "2757000000",
            "totalRevenue": "2757000000",
            "costOfRevenue": "271000000",
            "costofGoodsAndServicesSold": "2210000000",
            "operatingIncome": "305000000",
            "sellingGeneralAndAdministrative": "256000000",
            "researchAndDevelopment": "None",
            "operatingExpenses": "303000000",
            "investmentIncomeNet": "None",
            "netInterestIncome": "-46000000",
            "interestIncome": "46000000",
            "interestExpense": "46000000",
            "nonInterestIncome": "None",
            "otherNonOperatingIncome": "14000000",
            "depreciation": "55000000",
            "depreciationAndAmortization": "15000000",
            "incomeBeforeTax": "303000000",
            "incomeTaxExpense": "54000000",
            "interestAndDebtExpense": "67000000",
            "netIncomeFromContinuingOperations": "303000000",
            "comprehensiveIncomeNetOfTax": "59000000",
            "ebit": "349000000",
            "ebitda": "364000000",
            "netIncome": "249000000"
        },
        {
            "fiscalDateEnding": "2020-09-30",
            "reportedCurrency": "USD",
            "grossProfit": "2079000000",
            "totalRevenue": "2314000000",
            "costOfRevenue": "235000000",
            "costofGoodsAndServicesSold": "1878000000",
            "operatingIncome": "222000000",
            "sellingGeneralAndAdministrative": "220000000",
            "researchAndDevelopment": "None",
            "operatingExpenses": "235000000",
            "investmentIncomeNet": "None",
            "netInterestIncome": "-27000000",
            "interestIncome": "27000000",
            "interestExpense": "27000000",
            "nonInterestIncome": "None",
            "otherNonOperatingIncome": "2000000",
            "depreciation": "44000000",
            "depreciationAndAmortization": "15000000",
            "incomeBeforeTax": "226000000",
            "incomeTaxExpense": "4000000",
            "interestAndDebtExpense": "27000000",
            "netIncomeFromContinuingOperations": "222000000",
            "comprehensiveIncomeNetOfTax": "241000000",
            "ebit": "253000000",
            "ebitda": "268000000",
            "netIncome": "222000000"
        },
        {
            "fiscalDateEnding": "2020-06-30",
            "reportedCurrency": "USD",
            "grossProfit": "1798000000",
            "totalRevenue": "2027000000",
            "costOfRevenue": "229000000",
            "costofGoodsAndServicesSold": "1763000000",
            "operatingIncome": "57000000",
            "sellingGeneralAndAdministrative": "214000000",
            "researchAndDevelopment": "None",
            "operatingExpenses": "229000000",
            "investmentIncomeNet": "None",
            "netInterestIncome": "-25000000",
            "interestIncome": "25000000",
            "interestExpense": "25000000",
            "nonInterestIncome": "None",
            "otherNonOperatingIncome": "3000000",
            "depreciation": "45000000",
            "depreciationAndAmortization": "15000000",
            "incomeBeforeTax": "65000000",
            "incomeTaxExpense": "12000000",
            "interestAndDebtExpense": "25000000",
            "netIncomeFromContinuingOperations": "53000000",
            "comprehensiveIncomeNetOfTax": "71000000",
            "ebit": "90000000",
            "ebitda": "105000000",
            "netIncome": "53000000"
        },
        {
            "fiscalDateEnding": "2020-03-31",
            "reportedCurrency": "USD",
            "grossProfit": "2038000000",
            "totalRevenue": "2263000000",
            "costOfRevenue": "225000000",
            "costofGoodsAndServicesSold": "1840000000",
            "operatingIncome": "215000000",
            "sellingGeneralAndAdministrative": "214000000",
            "researchAndDevelopment": "None",
            "operatingExpenses": "225000000",
            "investmentIncomeNet": "None",
            "netInterestIncome": "-16000000",
            "interestIncome": "16000000",
            "interestExpense": "16000000",
            "nonInterestIncome": "None",
            "otherNonOperatingIncome": "-13000000",
            "depreciation": "47000000",
            "depreciationAndAmortization": "11000000",
            "incomeBeforeTax": "216000000",
            "incomeTaxExpense": "44000000",
            "interestAndDebtExpense": "16000000",
            "netIncomeFromContinuingOperations": "172000000",
            "comprehensiveIncomeNetOfTax": "187000000",
            "ebit": "232000000",
            "ebitda": "243000000",
            "netIncome": "172000000"
        },
        {
            "fiscalDateEnding": "2019-12-31",
            "reportedCurrency": "USD",
            "grossProfit": "2412000000",
            "totalRevenue": "2412000000",
            "costOfRevenue": "265000000",
            "costofGoodsAndServicesSold": "1980000000",
            "operatingIncome": "186000000",
            "sellingGeneralAndAdministrative": "224000000",
            "researchAndDevelopment": "None",
            "operatingExpenses": "287000000",
            "investmentIncomeNet": "None",
            "netInterestIncome": "-18000000",
            "interestIncome": "18000000",
            "interestExpense": "18000000",
            "nonInterestIncome": "None",
            "otherNonOperatingIncome": "0",
            "depreciation": "54000000",
            "depreciationAndAmortization": "12000000",
            "incomeBeforeTax": "172000000",
            "incomeTaxExpense": "23000000",
            "interestAndDebtExpense": "18000000",
            "netIncomeFromContinuingOperations": "172000000",
            "comprehensiveIncomeNetOfTax": "-28000000",
            "ebit": "190000000",
            "ebitda": "202000000",
            "netIncome": "149000000"
        },
        {
            "fiscalDateEnding": "2019-09-30",
            "reportedCurrency": "USD",
            "grossProfit": "1998000000",
            "totalRevenue": "2219000000",
            "costOfRevenue": "221000000",
            "costofGoodsAndServicesSold": "1802000000",
            "operatingIncome": "214000000",
            "sellingGeneralAndAdministrative": "209000000",
            "researchAndDevelopment": "None",
            "operatingExpenses": "221000000",
            "investmentIncomeNet": "None",
            "netInterestIncome": "-18000000",
            "interestIncome": "18000000",
            "interestExpense": "18000000",
            "nonInterestIncome": "None",
            "otherNonOperatingIncome": "-1000000",
            "depreciation": "43000000",
            "depreciationAndAmortization": "12000000",
            "incomeBeforeTax": "198000000",
            "incomeTaxExpense": "44000000",
            "interestAndDebtExpense": "18000000",
            "netIncomeFromContinuingOperations": "154000000",
            "comprehensiveIncomeNetOfTax": "173000000",
            "ebit": "216000000",
            "ebitda": "228000000",
            "netIncome": "154000000"
        },
        {
            "fiscalDateEnding": "2019-06-30",
            "reportedCurrency": "USD",
            "grossProfit": "1992000000",
            "totalRevenue": "2188000000",
            "costOfRevenue": "196000000",
            "costofGoodsAndServicesSold": "1834000000",
            "operatingIncome": "175000000",
            "sellingGeneralAndAdministrative": "184000000",
            "researchAndDevelopment": "None",
            "operatingExpenses": "196000000",
            "investmentIncomeNet": "None",
            "netInterestIncome": "-18000000",
            "interestIncome": "18000000",
            "interestExpense": "18000000",
            "nonInterestIncome": "None",
            "otherNonOperatingIncome": "5000000",
            "depreciation": "42000000",
            "depreciationAndAmortization": "12000000",
            "incomeBeforeTax": "164000000",
            "incomeTaxExpense": "36000000",
            "interestAndDebtExpense": "18000000",
            "netIncomeFromContinuingOperations": "128000000",
            "comprehensiveIncomeNetOfTax": "146000000",
            "ebit": "182000000",
            "ebitda": "194000000",
            "netIncome": "128000000"
        },
        {
            "fiscalDateEnding": "2019-03-31",
            "reportedCurrency": "USD",
            "grossProfit": "1898000000",
            "totalRevenue": "2080000000",
            "costOfRevenue": "182000000",
            "costofGoodsAndServicesSold": "1752000000",
            "operatingIncome": "161000000",
            "sellingGeneralAndAdministrative": "171000000",
            "researchAndDevelopment": "None",
            "operatingExpenses": "180000000",
            "investmentIncomeNet": "None",
            "netInterestIncome": "-16000000",
            "interestIncome": "16000000",
            "interestExpense": "16000000",
            "nonInterestIncome": "None",
            "otherNonOperatingIncome": "1000000",
            "depreciation": "41000000",
            "depreciationAndAmortization": "11000000",
            "incomeBeforeTax": "149000000",
            "incomeTaxExpense": "31000000",
            "interestAndDebtExpense": "16000000",
            "netIncomeFromContinuingOperations": "118000000",
            "comprehensiveIncomeNetOfTax": "137000000",
            "ebit": "165000000",
            "ebitda": "176000000",
            "netIncome": "118000000"
        },
        {
            "fiscalDateEnding": "2018-12-31",
            "reportedCurrency": "USD",
            "grossProfit": "2199000000",
            "totalRevenue": "2199000000",
            "costOfRevenue": "270000000",
            "costofGoodsAndServicesSold": "1729000000",
            "operatingIncome": "213000000",
            "sellingGeneralAndAdministrative": "262000000",
            "researchAndDevelopment": "25000000",
            "operatingExpenses": "295000000",
            "investmentIncomeNet": "None",
            "netInterestIncome": "-14000000",
            "interestIncome": "None",
            "interestExpense": "14000000",
            "nonInterestIncome": "None",
            "otherNonOperatingIncome": "2000000",
            "depreciation": "38000000",
            "depreciationAndAmortization": "8000000",
            "incomeBeforeTax": "219000000",
            "incomeTaxExpense": "7000000",
            "interestAndDebtExpense": "14000000",
            "netIncomeFromContinuingOperations": "219000000",
            "comprehensiveIncomeNetOfTax": "-6000000",
            "ebit": "233000000",
            "ebitda": "241000000",
            "netIncome": "212000000"
        },
        {
            "fiscalDateEnding": "2018-09-30",
            "reportedCurrency": "USD",
            "grossProfit": "1865000000",
            "totalRevenue": "2083000000",
            "costOfRevenue": "218000000",
            "costofGoodsAndServicesSold": "1593000000",
            "operatingIncome": "290000000",
            "sellingGeneralAndAdministrative": "208000000",
            "researchAndDevelopment": "None",
            "operatingExpenses": "218000000",
            "investmentIncomeNet": "None",
            "netInterestIncome": "-14000000",
            "interestIncome": "None",
            "interestExpense": "14000000",
            "nonInterestIncome": "None",
            "otherNonOperatingIncome": "0",
            "depreciation": "44000000",
            "depreciationAndAmortization": "10000000",
            "incomeBeforeTax": "295000000",
            "incomeTaxExpense": "66000000",
            "interestAndDebtExpense": "14000000",
            "netIncomeFromContinuingOperations": "229000000",
            "comprehensiveIncomeNetOfTax": "244000000",
            "ebit": "309000000",
            "ebitda": "319000000",
            "netIncome": "229000000"
        },
        {
            "fiscalDateEnding": "2018-06-30",
            "reportedCurrency": "USD",
            "grossProfit": "231000000",
            "totalRevenue": "2020000000",
            "costOfRevenue": "1786000000",
            "costofGoodsAndServicesSold": "1568000000",
            "operatingIncome": "257000000",
            "sellingGeneralAndAdministrative": "209000000",
            "researchAndDevelopment": "None",
            "operatingExpenses": "218000000",
            "investmentIncomeNet": "None",
            "netInterestIncome": "-15000000",
            "interestIncome": "None",
            "interestExpense": "15000000",
            "nonInterestIncome": "None",
            "otherNonOperatingIncome": "1000000",
            "depreciation": "44000000",
            "depreciationAndAmortization": "9000000",
            "incomeBeforeTax": "262000000",
            "incomeTaxExpense": "23000000",
            "interestAndDebtExpense": "15000000",
            "netIncomeFromContinuingOperations": "239000000",
            "comprehensiveIncomeNetOfTax": "252000000",
            "ebit": "277000000",
            "ebitda": "286000000",
            "netIncome": "239000000"
        },
        {
            "fiscalDateEnding": "2018-03-31",
            "reportedCurrency": "USD",
            "grossProfit": "165000000",
            "totalRevenue": "1874000000",
            "costOfRevenue": "1696000000",
            "costofGoodsAndServicesSold": "1495000000",
            "operatingIncome": "191000000",
            "sellingGeneralAndAdministrative": "192000000",
            "researchAndDevelopment": "None",
            "operatingExpenses": "201000000",
            "investmentIncomeNet": "None",
            "netInterestIncome": "-15000000",
            "interestIncome": "None",
            "interestExpense": "15000000",
            "nonInterestIncome": "None",
            "otherNonOperatingIncome": "1000000",
            "depreciation": "41000000",
            "depreciationAndAmortization": "9000000",
            "incomeBeforeTax": "195000000",
            "incomeTaxExpense": "39000000",
            "interestAndDebtExpense": "15000000",
            "netIncomeFromContinuingOperations": "156000000",
            "comprehensiveIncomeNetOfTax": "171000000",
            "ebit": "210000000",
            "ebitda": "219000000",
            "netIncome": "156000000"
        }
    ]
}