{
    "symbol": "HLT",
    "annualReports": [
        {
            "fiscalDateEnding": "2022-12-31",
            "reportedCurrency": "USD",
            "grossProfit": "8229000000",
            "totalRevenue": "8773000000",
            "costOfRevenue": "544000000",
            "costofGoodsAndServicesSold": "5076000000",
            "operatingIncome": "2094000000",
            "sellingGeneralAndAdministrative": "382000000",
            "researchAndDevelopment": "None",
            "operatingExpenses": "544000000",
            "investmentIncomeNet": "None",
            "netInterestIncome": "-415000000",
            "interestIncome": "410000000",
            "interestExpense": "415000000",
            "nonInterestIncome": "8778000000",
            "otherNonOperatingIncome": "50000000",
            "depreciation": "None",
            "depreciationAndAmortization": "162000000",
            "incomeBeforeTax": "1732000000",
            "incomeTaxExpense": "477000000",
            "interestAndDebtExpense": "415000000",
            "netIncomeFromContinuingOperations": "1257000000",
            "comprehensiveIncomeNetOfTax": "1328000000",
            "ebit": "2147000000",
            "ebitda": "2309000000",
            "netIncome": "1255000000"
        },
        {
            "fiscalDateEnding": "2021-12-31",
            "reportedCurrency": "USD",
            "grossProfit": "5195000000",
            "totalRevenue": "5788000000",
            "costOfRevenue": "593000000",
            "costofGoodsAndServicesSold": "4133000000",
            "operatingIncome": "1010000000",
            "sellingGeneralAndAdministrative": "405000000",
            "researchAndDevelopment": "None",
            "operatingExpenses": "600000000",
            "investmentIncomeNet": "None",
            "netInterestIncome": "-397000000",
            "interestIncome": "404000000",
            "interestExpense": "397000000",
            "nonInterestIncome": "5781000000",
            "otherNonOperatingIncome": "23000000",
            "depreciation": "None",
            "depreciationAndAmortization": "188000000",
            "incomeBeforeTax": "563000000",
            "incomeTaxExpense": "153000000",
            "interestAndDebtExpense": "397000000",
            "netIncomeFromContinuingOperations": "407000000",
            "comprehensiveIncomeNetOfTax": "491000000",
            "ebit": "960000000",
            "ebitda": "1148000000",
            "netIncome": "410000000"
        },
        {
            "fiscalDateEnding": "2020-12-31",
            "reportedCurrency": "USD",
            "grossProfit": "3366000000",
            "totalRevenue": "4307000000",
            "costOfRevenue": "941000000",
            "costofGoodsAndServicesSold": "3724000000",
            "operatingIncome": "-418000000",
            "sellingGeneralAndAdministrative": "311000000",
            "researchAndDevelopment": "None",
            "operatingExpenses": "941000000",
            "investmentIncomeNet": "None",
            "netInterestIncome": "-429000000",
            "interestIncome": "456000000",
            "interestExpense": "429000000",
            "nonInterestIncome": "4280000000",
            "otherNonOperatingIncome": "-2000000",
            "depreciation": "None",
            "depreciationAndAmortization": "331000000",
            "incomeBeforeTax": "-919000000",
            "incomeTaxExpense": "-204000000",
            "interestAndDebtExpense": "429000000",
            "netIncomeFromContinuingOperations": "-1128000000",
            "comprehensiveIncomeNetOfTax": "-735000000",
            "ebit": "-490000000",
            "ebitda": "-159000000",
            "netIncome": "-715000000"
        },
        {
            "fiscalDateEnding": "2019-12-31",
            "reportedCurrency": "USD",
            "grossProfit": "8665000000",
            "totalRevenue": "9452000000",
            "costOfRevenue": "787000000",
            "costofGoodsAndServicesSold": "7017000000",
            "operatingIncome": "1657000000",
            "sellingGeneralAndAdministrative": "441000000",
            "researchAndDevelopment": "None",
            "operatingExpenses": "706000000",
            "investmentIncomeNet": "None",
            "netInterestIncome": "-414000000",
            "interestIncome": "416000000",
            "interestExpense": "414000000",
            "nonInterestIncome": "9450000000",
            "otherNonOperatingIncome": "3000000",
            "depreciation": "60000000",
            "depreciationAndAmortization": "346000000",
            "incomeBeforeTax": "1239000000",
            "incomeTaxExpense": "358000000",
            "interestAndDebtExpense": "414000000",
            "netIncomeFromContinuingOperations": "1602000000",
            "comprehensiveIncomeNetOfTax": "823000000",
            "ebit": "1653000000",
            "ebitda": "1999000000",
            "netIncome": "881000000"
        },
        {
            "fiscalDateEnding": "2018-12-31",
            "reportedCurrency": "USD",
            "grossProfit": "8382000000",
            "totalRevenue": "8906000000",
            "costOfRevenue": "524000000",
            "costofGoodsAndServicesSold": "6655000000",
            "operatingIncome": "1432000000",
            "sellingGeneralAndAdministrative": "443000000",
            "researchAndDevelopment": "None",
            "operatingExpenses": "524000000",
            "investmentIncomeNet": "None",
            "netInterestIncome": "-371000000",
            "interestIncome": "382000000",
            "interestExpense": "371000000",
            "nonInterestIncome": "8895000000",
            "otherNonOperatingIncome": "28000000",
            "depreciation": "54000000",
            "depreciationAndAmortization": "325000000",
            "incomeBeforeTax": "455000000",
            "incomeTaxExpense": "-309000000",
            "interestAndDebtExpense": "371000000",
            "netIncomeFromContinuingOperations": "769000000",
            "comprehensiveIncomeNetOfTax": "707000000",
            "ebit": "826000000",
            "ebitda": "1151000000",
            "netIncome": "764000000"
        }
    ],
    "quarterlyReports": [
        {
            "fiscalDateEnding": "2022-12-31",
            "reportedCurrency": "USD",
            "grossProfit": "2601000000",
            "totalRevenue": "2735000000",
            "costOfRevenue": "134000000",
            "costofGoodsAndServicesSold": "1781000000",
            "operatingIncome": "504000000",
            "sellingGeneralAndAdministrative": "95000000",
            "researchAndDevelopment": "None",
            "operatingExpenses": "134000000",
            "investmentIncomeNet": "None",
            "netInterestIncome": "-120000000",
            "interestIncome": "119000000",
            "interestExpense": "120000000",
            "nonInterestIncome": "2445000000",
            "otherNonOperatingIncome": "18000000",
            "depreciation": "None",
            "depreciationAndAmortization": "39000000",
            "incomeBeforeTax": "398000000",
            "incomeTaxExpense": "70000000",
            "interestAndDebtExpense": "120000000",
            "netIncomeFromContinuingOperations": "333000000",
            "comprehensiveIncomeNetOfTax": "307000000",
            "ebit": "518000000",
            "ebitda": "557000000",
            "netIncome": "328000000"
        },
        {
            "fiscalDateEnding": "2022-09-30",
            "reportedCurrency": "USD",
            "grossProfit": "2130000000",
            "totalRevenue": "2262000000",
            "costOfRevenue": "132000000",
            "costofGoodsAndServicesSold": "1600000000",
            "operatingIncome": "623000000",
            "sellingGeneralAndAdministrative": "93000000",
            "researchAndDevelopment": "None",
            "operatingExpenses": "132000000",
            "investmentIncomeNet": "None",
            "netInterestIncome": "-106000000",
            "interestIncome": "106000000",
            "interestExpense": "106000000",
            "nonInterestIncome": "2368000000",
            "otherNonOperatingIncome": "10000000",
            "depreciation": "None",
            "depreciationAndAmortization": "39000000",
            "incomeBeforeTax": "528000000",
            "incomeTaxExpense": "181000000",
            "interestAndDebtExpense": "106000000",
            "netIncomeFromContinuingOperations": "346000000",
            "comprehensiveIncomeNetOfTax": "376000000",
            "ebit": "634000000",
            "ebitda": "673000000",
            "netIncome": "347000000"
        },
        {
            "fiscalDateEnding": "2022-06-30",
            "reportedCurrency": "USD",
            "grossProfit": "2006000000",
            "totalRevenue": "2149000000",
            "costOfRevenue": "143000000",
            "costofGoodsAndServicesSold": "1488000000",
            "operatingIncome": "598000000",
            "sellingGeneralAndAdministrative": "103000000",
            "researchAndDevelopment": "None",
            "operatingExpenses": "143000000",
            "investmentIncomeNet": "None",
            "netInterestIncome": "-99000000",
            "interestIncome": "91000000",
            "interestExpense": "99000000",
            "nonInterestIncome": "2248000000",
            "otherNonOperatingIncome": "6000000",
            "depreciation": "None",
            "depreciationAndAmortization": "40000000",
            "incomeBeforeTax": "514000000",
            "incomeTaxExpense": "146000000",
            "interestAndDebtExpense": "99000000",
            "netIncomeFromContinuingOperations": "367000000",
            "comprehensiveIncomeNetOfTax": "374000000",
            "ebit": "613000000",
            "ebitda": "653000000",
            "netIncome": "368000000"
        },
        {
            "fiscalDateEnding": "2022-03-31",
            "reportedCurrency": "USD",
            "grossProfit": "1492000000",
            "totalRevenue": "1627000000",
            "costOfRevenue": "135000000",
            "costofGoodsAndServicesSold": "1206000000",
            "operatingIncome": "369000000",
            "sellingGeneralAndAdministrative": "91000000",
            "researchAndDevelopment": "None",
            "operatingExpenses": "135000000",
            "investmentIncomeNet": "None",
            "netInterestIncome": "-90000000",
            "interestIncome": "94000000",
            "interestExpense": "90000000",
            "nonInterestIncome": "1717000000",
            "otherNonOperatingIncome": "16000000",
            "depreciation": "None",
            "depreciationAndAmortization": "44000000",
            "incomeBeforeTax": "292000000",
            "incomeTaxExpense": "80000000",
            "interestAndDebtExpense": "90000000",
            "netIncomeFromContinuingOperations": "211000000",
            "comprehensiveIncomeNetOfTax": "271000000",
            "ebit": "382000000",
            "ebitda": "426000000",
            "netIncome": "212000000"
        },
        {
            "fiscalDateEnding": "2021-12-31",
            "reportedCurrency": "USD",
            "grossProfit": "1989000000",
            "totalRevenue": "2137000000",
            "costOfRevenue": "148000000",
            "costofGoodsAndServicesSold": "1342000000",
            "operatingIncome": "333000000",
            "sellingGeneralAndAdministrative": "103000000",
            "researchAndDevelopment": "None",
            "operatingExpenses": "147000000",
            "investmentIncomeNet": "None",
            "netInterestIncome": "-95000000",
            "interestIncome": "103000000",
            "interestExpense": "95000000",
            "nonInterestIncome": "1828000000",
            "otherNonOperatingIncome": "7000000",
            "depreciation": "None",
            "depreciationAndAmortization": "45000000",
            "incomeBeforeTax": "236000000",
            "incomeTaxExpense": "89000000",
            "interestAndDebtExpense": "95000000",
            "netIncomeFromContinuingOperations": "148000000",
            "comprehensiveIncomeNetOfTax": "237000000",
            "ebit": "331000000",
            "ebitda": "376000000",
            "netIncome": "147000000"
        },
        {
            "fiscalDateEnding": "2021-09-30",
            "reportedCurrency": "USD",
            "grossProfit": "1498000000",
            "totalRevenue": "1651000000",
            "costOfRevenue": "153000000",
            "costofGoodsAndServicesSold": "1144000000",
            "operatingIncome": "432000000",
            "sellingGeneralAndAdministrative": "107000000",
            "researchAndDevelopment": "None",
            "operatingExpenses": "161000000",
            "investmentIncomeNet": "None",
            "netInterestIncome": "-98000000",
            "interestIncome": "98000000",
            "interestExpense": "98000000",
            "nonInterestIncome": "1749000000",
            "otherNonOperatingIncome": "6000000",
            "depreciation": "None",
            "depreciationAndAmortization": "46000000",
            "incomeBeforeTax": "341000000",
            "incomeTaxExpense": "100000000",
            "interestAndDebtExpense": "98000000",
            "netIncomeFromContinuingOperations": "240000000",
            "comprehensiveIncomeNetOfTax": "238000000",
            "ebit": "439000000",
            "ebitda": "485000000",
            "netIncome": "241000000"
        },
        {
            "fiscalDateEnding": "2021-06-30",
            "reportedCurrency": "USD",
            "grossProfit": "1083000000",
            "totalRevenue": "1227000000",
            "costOfRevenue": "144000000",
            "costofGoodsAndServicesSold": "952000000",
            "operatingIncome": "224000000",
            "sellingGeneralAndAdministrative": "98000000",
            "researchAndDevelopment": "None",
            "operatingExpenses": "144000000",
            "investmentIncomeNet": "None",
            "netInterestIncome": "-101000000",
            "interestIncome": "102000000",
            "interestExpense": "101000000",
            "nonInterestIncome": "1328000000",
            "otherNonOperatingIncome": "5000000",
            "depreciation": "None",
            "depreciationAndAmortization": "46000000",
            "incomeBeforeTax": "129000000",
            "incomeTaxExpense": "-1000000",
            "interestAndDebtExpense": "101000000",
            "netIncomeFromContinuingOperations": "126000000",
            "comprehensiveIncomeNetOfTax": "144000000",
            "ebit": "230000000",
            "ebitda": "276000000",
            "netIncome": "130000000"
        },
        {
            "fiscalDateEnding": "2021-03-31",
            "reportedCurrency": "USD",
            "grossProfit": "625000000",
            "totalRevenue": "773000000",
            "costOfRevenue": "148000000",
            "costofGoodsAndServicesSold": "695000000",
            "operatingIncome": "21000000",
            "sellingGeneralAndAdministrative": "97000000",
            "researchAndDevelopment": "None",
            "operatingExpenses": "148000000",
            "investmentIncomeNet": "None",
            "netInterestIncome": "-103000000",
            "interestIncome": "101000000",
            "interestExpense": "103000000",
            "nonInterestIncome": "876000000",
            "otherNonOperatingIncome": "5000000",
            "depreciation": "None",
            "depreciationAndAmortization": "51000000",
            "incomeBeforeTax": "-143000000",
            "incomeTaxExpense": "-35000000",
            "interestAndDebtExpense": "103000000",
            "netIncomeFromContinuingOperations": "-179000000",
            "comprehensiveIncomeNetOfTax": "-128000000",
            "ebit": "-40000000",
            "ebitda": "11000000",
            "netIncome": "-108000000"
        },
        {
            "fiscalDateEnding": "2020-12-31",
            "reportedCurrency": "USD",
            "grossProfit": "890000000",
            "totalRevenue": "1222000000",
            "costOfRevenue": "309000000",
            "costofGoodsAndServicesSold": "764000000",
            "operatingIncome": "-195000000",
            "sellingGeneralAndAdministrative": "122000000",
            "researchAndDevelopment": "None",
            "operatingExpenses": "309000000",
            "investmentIncomeNet": "None",
            "netInterestIncome": "-113000000",
            "interestIncome": "124000000",
            "interestExpense": "113000000",
            "nonInterestIncome": "890000000",
            "otherNonOperatingIncome": "18000000",
            "depreciation": "None",
            "depreciationAndAmortization": "62000000",
            "incomeBeforeTax": "-348000000",
            "incomeTaxExpense": "-124000000",
            "interestAndDebtExpense": "113000000",
            "netIncomeFromContinuingOperations": "-195000000",
            "comprehensiveIncomeNetOfTax": "-231000000",
            "ebit": "-235000000",
            "ebitda": "-173000000",
            "netIncome": "-224000000"
        },
        {
            "fiscalDateEnding": "2020-09-30",
            "reportedCurrency": "USD",
            "grossProfit": "640000000",
            "totalRevenue": "805000000",
            "costOfRevenue": "165000000",
            "costofGoodsAndServicesSold": "736000000",
            "operatingIncome": "11000000",
            "sellingGeneralAndAdministrative": "66000000",
            "researchAndDevelopment": "None",
            "operatingExpenses": "165000000",
            "investmentIncomeNet": "None",
            "netInterestIncome": "-116000000",
            "interestIncome": "128000000",
            "interestExpense": "116000000",
            "nonInterestIncome": "921000000",
            "otherNonOperatingIncome": "3000000",
            "depreciation": "None",
            "depreciationAndAmortization": "90000000",
            "incomeBeforeTax": "-112000000",
            "incomeTaxExpense": "-33000000",
            "interestAndDebtExpense": "116000000",
            "netIncomeFromContinuingOperations": "-147000000",
            "comprehensiveIncomeNetOfTax": "-51000000",
            "ebit": "4000000",
            "ebitda": "94000000",
            "netIncome": "-79000000"
        },
        {
            "fiscalDateEnding": "2020-06-30",
            "reportedCurrency": "USD",
            "grossProfit": "241000000",
            "totalRevenue": "445000000",
            "costOfRevenue": "204000000",
            "costofGoodsAndServicesSold": "649000000",
            "operatingIncome": "-302000000",
            "sellingGeneralAndAdministrative": "63000000",
            "researchAndDevelopment": "None",
            "operatingExpenses": "204000000",
            "investmentIncomeNet": "None",
            "netInterestIncome": "-106000000",
            "interestIncome": "119000000",
            "interestExpense": "106000000",
            "nonInterestIncome": "551000000",
            "otherNonOperatingIncome": "-23000000",
            "depreciation": "None",
            "depreciationAndAmortization": "88000000",
            "incomeBeforeTax": "-418000000",
            "incomeTaxExpense": "12000000",
            "interestAndDebtExpense": "106000000",
            "netIncomeFromContinuingOperations": "-456000000",
            "comprehensiveIncomeNetOfTax": "-412000000",
            "ebit": "-312000000",
            "ebitda": "-224000000",
            "netIncome": "-430000000"
        },
        {
            "fiscalDateEnding": "2020-03-31",
            "reportedCurrency": "USD",
            "grossProfit": "1572000000",
            "totalRevenue": "1835000000",
            "costOfRevenue": "263000000",
            "costofGoodsAndServicesSold": "1575000000",
            "operatingIncome": "68000000",
            "sellingGeneralAndAdministrative": "60000000",
            "researchAndDevelopment": "None",
            "operatingExpenses": "263000000",
            "investmentIncomeNet": "None",
            "netInterestIncome": "-94000000",
            "interestIncome": "85000000",
            "interestExpense": "94000000",
            "nonInterestIncome": "1929000000",
            "otherNonOperatingIncome": "0",
            "depreciation": "None",
            "depreciationAndAmortization": "91000000",
            "incomeBeforeTax": "53000000",
            "incomeTaxExpense": "35000000",
            "interestAndDebtExpense": "94000000",
            "netIncomeFromContinuingOperations": "-52000000",
            "comprehensiveIncomeNetOfTax": "-41000000",
            "ebit": "147000000",
            "ebitda": "238000000",
            "netIncome": "18000000"
        },
        {
            "fiscalDateEnding": "2019-12-31",
            "reportedCurrency": "USD",
            "grossProfit": "2369000000",
            "totalRevenue": "2669000000",
            "costOfRevenue": "204000000",
            "costofGoodsAndServicesSold": "1791000000",
            "operatingIncome": "348000000",
            "sellingGeneralAndAdministrative": "114000000",
            "researchAndDevelopment": "None",
            "operatingExpenses": "204000000",
            "investmentIncomeNet": "None",
            "netInterestIncome": "-110000000",
            "interestIncome": "116000000",
            "interestExpense": "110000000",
            "nonInterestIncome": "2369000000",
            "otherNonOperatingIncome": "11000000",
            "depreciation": "None",
            "depreciationAndAmortization": "90000000",
            "incomeBeforeTax": "824000000",
            "incomeTaxExpense": "649000000",
            "interestAndDebtExpense": "110000000",
            "netIncomeFromContinuingOperations": "348000000",
            "comprehensiveIncomeNetOfTax": "183000000",
            "ebit": "934000000",
            "ebitda": "1024000000",
            "netIncome": "175000000"
        },
        {
            "fiscalDateEnding": "2019-09-30",
            "reportedCurrency": "USD",
            "grossProfit": "2104000000",
            "totalRevenue": "2297000000",
            "costOfRevenue": "193000000",
            "costofGoodsAndServicesSold": "1753000000",
            "operatingIncome": "519000000",
            "sellingGeneralAndAdministrative": "107000000",
            "researchAndDevelopment": "None",
            "operatingExpenses": "112000000",
            "investmentIncomeNet": "None",
            "netInterestIncome": "-105000000",
            "interestIncome": "98000000",
            "interestExpense": "105000000",
            "nonInterestIncome": "2402000000",
            "otherNonOperatingIncome": "0",
            "depreciation": "None",
            "depreciationAndAmortization": "86000000",
            "incomeBeforeTax": "157000000",
            "incomeTaxExpense": "-131000000",
            "interestAndDebtExpense": "105000000",
            "netIncomeFromContinuingOperations": "552000000",
            "comprehensiveIncomeNetOfTax": "246000000",
            "ebit": "262000000",
            "ebitda": "348000000",
            "netIncome": "288000000"
        },
        {
            "fiscalDateEnding": "2019-06-30",
            "reportedCurrency": "USD",
            "grossProfit": "2181000000",
            "totalRevenue": "2380000000",
            "costOfRevenue": "199000000",
            "costofGoodsAndServicesSold": "1792000000",
            "operatingIncome": "478000000",
            "sellingGeneralAndAdministrative": "113000000",
            "researchAndDevelopment": "None",
            "operatingExpenses": "199000000",
            "investmentIncomeNet": "None",
            "netInterestIncome": "-101000000",
            "interestIncome": "104000000",
            "interestExpense": "101000000",
            "nonInterestIncome": "2481000000",
            "otherNonOperatingIncome": "-12000000",
            "depreciation": "None",
            "depreciationAndAmortization": "86000000",
            "incomeBeforeTax": "159000000",
            "incomeTaxExpense": "-101000000",
            "interestAndDebtExpense": "101000000",
            "netIncomeFromContinuingOperations": "463000000",
            "comprehensiveIncomeNetOfTax": "252000000",
            "ebit": "260000000",
            "ebitda": "346000000",
            "netIncome": "260000000"
        },
        {
            "fiscalDateEnding": "2019-03-31",
            "reportedCurrency": "USD",
            "grossProfit": "1915000000",
            "totalRevenue": "2106000000",
            "costOfRevenue": "191000000",
            "costofGoodsAndServicesSold": "1681000000",
            "operatingIncome": "312000000",
            "sellingGeneralAndAdministrative": "107000000",
            "researchAndDevelopment": "None",
            "operatingExpenses": "191000000",
            "investmentIncomeNet": "None",
            "netInterestIncome": "-98000000",
            "interestIncome": "98000000",
            "interestExpense": "98000000",
            "nonInterestIncome": "2204000000",
            "otherNonOperatingIncome": "4000000",
            "depreciation": "None",
            "depreciationAndAmortization": "84000000",
            "incomeBeforeTax": "99000000",
            "incomeTaxExpense": "-59000000",
            "interestAndDebtExpense": "98000000",
            "netIncomeFromContinuingOperations": "277000000",
            "comprehensiveIncomeNetOfTax": "142000000",
            "ebit": "197000000",
            "ebitda": "281000000",
            "netIncome": "158000000"
        },
        {
            "fiscalDateEnding": "2018-12-31",
            "reportedCurrency": "USD",
            "grossProfit": "2288000000",
            "totalRevenue": "2572000000",
            "costOfRevenue": "176000000",
            "costofGoodsAndServicesSold": "1713000000",
            "operatingIncome": "362000000",
            "sellingGeneralAndAdministrative": "115000000",
            "researchAndDevelopment": "None",
            "operatingExpenses": "176000000",
            "investmentIncomeNet": "None",
            "netInterestIncome": "-94000000",
            "interestIncome": "None",
            "interestExpense": "94000000",
            "nonInterestIncome": "2288000000",
            "otherNonOperatingIncome": "2000000",
            "depreciation": "None",
            "depreciationAndAmortization": "83000000",
            "incomeBeforeTax": "183000000",
            "incomeTaxExpense": "-41000000",
            "interestAndDebtExpense": "94000000",
            "netIncomeFromContinuingOperations": "362000000",
            "comprehensiveIncomeNetOfTax": "172000000",
            "ebit": "277000000",
            "ebitda": "360000000",
            "netIncome": "224000000"
        },
        {
            "fiscalDateEnding": "2018-09-30",
            "reportedCurrency": "USD",
            "grossProfit": "2033000000",
            "totalRevenue": "2148000000",
            "costOfRevenue": "115000000",
            "costofGoodsAndServicesSold": "1668000000",
            "operatingIncome": "385000000",
            "sellingGeneralAndAdministrative": "109000000",
            "researchAndDevelopment": "None",
            "operatingExpenses": "115000000",
            "investmentIncomeNet": "None",
            "netInterestIncome": "-99000000",
            "interestIncome": "None",
            "interestExpense": "99000000",
            "nonInterestIncome": "2247000000",
            "otherNonOperatingIncome": "13000000",
            "depreciation": "None",
            "depreciationAndAmortization": "81000000",
            "incomeBeforeTax": "33000000",
            "incomeTaxExpense": "-129000000",
            "interestAndDebtExpense": "99000000",
            "netIncomeFromContinuingOperations": "422000000",
            "comprehensiveIncomeNetOfTax": "158000000",
            "ebit": "132000000",
            "ebitda": "213000000",
            "netIncome": "162000000"
        },
        {
            "fiscalDateEnding": "2018-06-30",
            "reportedCurrency": "USD",
            "grossProfit": "418000000",
            "totalRevenue": "2291000000",
            "costOfRevenue": "1873000000",
            "costofGoodsAndServicesSold": "1679000000",
            "operatingIncome": "406000000",
            "sellingGeneralAndAdministrative": "115000000",
            "researchAndDevelopment": "None",
            "operatingExpenses": "194000000",
            "investmentIncomeNet": "None",
            "netInterestIncome": "-95000000",
            "interestIncome": "None",
            "interestExpense": "95000000",
            "nonInterestIncome": "-12000000",
            "otherNonOperatingIncome": "-1000000",
            "depreciation": "None",
            "depreciationAndAmortization": "79000000",
            "incomeBeforeTax": "136000000",
            "incomeTaxExpense": "-81000000",
            "interestAndDebtExpense": "95000000",
            "netIncomeFromContinuingOperations": "217000000",
            "comprehensiveIncomeNetOfTax": "155000000",
            "ebit": "231000000",
            "ebitda": "310000000",
            "netIncome": "217000000"
        },
        {
            "fiscalDateEnding": "2018-03-31",
            "reportedCurrency": "USD",
            "grossProfit": "293000000",
            "totalRevenue": "2074000000",
            "costOfRevenue": "1781000000",
            "costofGoodsAndServicesSold": "1595000000",
            "operatingIncome": "279000000",
            "sellingGeneralAndAdministrative": "104000000",
            "researchAndDevelopment": "None",
            "operatingExpenses": "186000000",
            "investmentIncomeNet": "None",
            "netInterestIncome": "-83000000",
            "interestIncome": "None",
            "interestExpense": "83000000",
            "nonInterestIncome": "11000000",
            "otherNonOperatingIncome": "14000000",
            "depreciation": "None",
            "depreciationAndAmortization": "82000000",
            "incomeBeforeTax": "103000000",
            "incomeTaxExpense": "-58000000",
            "interestAndDebtExpense": "83000000",
            "netIncomeFromContinuingOperations": "163000000",
            "comprehensiveIncomeNetOfTax": "222000000",
            "ebit": "186000000",
            "ebitda": "268000000",
            "netIncome": "161000000"
        }
    ]
}