{
    "symbol": "IP",
    "annualReports": [
        {
            "fiscalDateEnding": "2022-12-31",
            "reportedCurrency": "USD",
            "grossProfit": "25582000000",
            "totalRevenue": "42080000000",
            "costOfRevenue": "16498000000",
            "costofGoodsAndServicesSold": "15143000000",
            "operatingIncome": "24095000000",
            "sellingGeneralAndAdministrative": "1293000000",
            "researchAndDevelopment": "None",
            "operatingExpenses": "1487000000",
            "investmentIncomeNet": "78000000",
            "netInterestIncome": "-325000000",
            "interestIncome": "78000000",
            "interestExpense": "403000000",
            "nonInterestIncome": "42405000000",
            "otherNonOperatingIncome": "-16000000",
            "depreciation": "996000000",
            "depreciationAndAmortization": "55000000",
            "incomeBeforeTax": "1268000000",
            "incomeTaxExpense": "-236000000",
            "interestAndDebtExpense": "310000000",
            "netIncomeFromContinuingOperations": "1741000000",
            "comprehensiveIncomeNetOfTax": "1245000000",
            "ebit": "1671000000",
            "ebitda": "1726000000",
            "netIncome": "1504000000"
        },
        {
            "fiscalDateEnding": "2021-12-31",
            "reportedCurrency": "USD",
            "grossProfit": "23339000000",
            "totalRevenue": "39054000000",
            "costOfRevenue": "15715000000",
            "costofGoodsAndServicesSold": "13832000000",
            "operatingIncome": "21493000000",
            "sellingGeneralAndAdministrative": "1385000000",
            "researchAndDevelopment": "None",
            "operatingExpenses": "1846000000",
            "investmentIncomeNet": "93000000",
            "netInterestIncome": "-337000000",
            "interestIncome": "93000000",
            "interestExpense": "430000000",
            "nonInterestIncome": "39391000000",
            "otherNonOperatingIncome": "524000000",
            "depreciation": "1100000000",
            "depreciationAndAmortization": "55000000",
            "incomeBeforeTax": "1940000000",
            "incomeTaxExpense": "188000000",
            "interestAndDebtExpense": "-31000000",
            "netIncomeFromContinuingOperations": "811000000",
            "comprehensiveIncomeNetOfTax": "2655000000",
            "ebit": "2370000000",
            "ebitda": "2425000000",
            "netIncome": "1752000000"
        },
        {
            "fiscalDateEnding": "2020-12-31",
            "reportedCurrency": "USD",
            "grossProfit": "24826000000",
            "totalRevenue": "40947000000",
            "costOfRevenue": "16121000000",
            "costofGoodsAndServicesSold": "12339000000",
            "operatingIncome": "23079000000",
            "sellingGeneralAndAdministrative": "1353000000",
            "researchAndDevelopment": "None",
            "operatingExpenses": "1747000000",
            "investmentIncomeNet": "156000000",
            "netInterestIncome": "-446000000",
            "interestIncome": "151000000",
            "interestExpense": "597000000",
            "nonInterestIncome": "41391000000",
            "otherNonOperatingIncome": "-353000000",
            "depreciation": "1100000000",
            "depreciationAndAmortization": "74000000",
            "incomeBeforeTax": "658000000",
            "incomeTaxExpense": "176000000",
            "interestAndDebtExpense": "404000000",
            "netIncomeFromContinuingOperations": "182000000",
            "comprehensiveIncomeNetOfTax": "879000000",
            "ebit": "1255000000",
            "ebitda": "1329000000",
            "netIncome": "482000000"
        },
        {
            "fiscalDateEnding": "2019-12-31",
            "reportedCurrency": "USD",
            "grossProfit": "27090000000",
            "totalRevenue": "44282000000",
            "costOfRevenue": "17192000000",
            "costofGoodsAndServicesSold": "12669000000",
            "operatingIncome": "25224000000",
            "sellingGeneralAndAdministrative": "1449000000",
            "researchAndDevelopment": "None",
            "operatingExpenses": "1866000000",
            "investmentIncomeNet": "215000000",
            "netInterestIncome": "-499000000",
            "interestIncome": "202000000",
            "interestExpense": "701000000",
            "nonInterestIncome": "44773000000",
            "otherNonOperatingIncome": "45000000",
            "depreciation": "1000000000",
            "depreciationAndAmortization": "70000000",
            "incomeBeforeTax": "1702000000",
            "incomeTaxExpense": "477000000",
            "interestAndDebtExpense": "685000000",
            "netIncomeFromContinuingOperations": "699000000",
            "comprehensiveIncomeNetOfTax": "1515000000",
            "ebit": "2403000000",
            "ebitda": "2473000000",
            "netIncome": "1225000000"
        },
        {
            "fiscalDateEnding": "2018-12-31",
            "reportedCurrency": "USD",
            "grossProfit": "43714000000",
            "totalRevenue": "46086000000",
            "costOfRevenue": "2372000000",
            "costofGoodsAndServicesSold": "15555000000",
            "operatingIncome": "42391000000",
            "sellingGeneralAndAdministrative": "1723000000",
            "researchAndDevelopment": "None",
            "operatingExpenses": "1323000000",
            "investmentIncomeNet": "198000000",
            "netInterestIncome": "-536000000",
            "interestIncome": "198000000",
            "interestExpense": "734000000",
            "nonInterestIncome": "46622000000",
            "otherNonOperatingIncome": "214000000",
            "depreciation": "1200000000",
            "depreciationAndAmortization": "59000000",
            "incomeBeforeTax": "2457000000",
            "incomeTaxExpense": "445000000",
            "interestAndDebtExpense": "724000000",
            "netIncomeFromContinuingOperations": "1667000000",
            "comprehensiveIncomeNetOfTax": "2145000000",
            "ebit": "3191000000",
            "ebitda": "3250000000",
            "netIncome": "2012000000"
        }
    ],
    "quarterlyReports": [
        {
            "fiscalDateEnding": "2022-12-31",
            "reportedCurrency": "USD",
            "grossProfit": "5181000000",
            "totalRevenue": "5133000000",
            "costOfRevenue": "-48000000",
            "costofGoodsAndServicesSold": "3668000000",
            "operatingIncome": "5185000000",
            "sellingGeneralAndAdministrative": "315000000",
            "researchAndDevelopment": "None",
            "operatingExpenses": "409000000",
            "investmentIncomeNet": "34000000",
            "netInterestIncome": "-59000000",
            "interestIncome": "34000000",
            "interestExpense": "93000000",
            "nonInterestIncome": "5133000000",
            "otherNonOperatingIncome": "-265000000",
            "depreciation": "240000000",
            "depreciationAndAmortization": "22000000",
            "incomeBeforeTax": "-170000000",
            "incomeTaxExpense": "148000000",
            "interestAndDebtExpense": "0",
            "netIncomeFromContinuingOperations": "-81000000",
            "comprehensiveIncomeNetOfTax": "-657000000",
            "ebit": "-77000000",
            "ebitda": "-55000000",
            "netIncome": "-318000000"
        },
        {
            "fiscalDateEnding": "2022-09-30",
            "reportedCurrency": "USD",
            "grossProfit": "1056000000",
            "totalRevenue": "5279000000",
            "costOfRevenue": "4223000000",
            "costofGoodsAndServicesSold": "3830000000",
            "operatingIncome": "464000000",
            "sellingGeneralAndAdministrative": "337000000",
            "researchAndDevelopment": "None",
            "operatingExpenses": "441000000",
            "investmentIncomeNet": "27000000",
            "netInterestIncome": "-123000000",
            "interestIncome": "27000000",
            "interestExpense": "150000000",
            "nonInterestIncome": "5402000000",
            "otherNonOperatingIncome": "15000000",
            "depreciation": "250000000",
            "depreciationAndAmortization": "11000000",
            "incomeBeforeTax": "376000000",
            "incomeTaxExpense": "-575000000",
            "interestAndDebtExpense": "150000000",
            "netIncomeFromContinuingOperations": "951000000",
            "comprehensiveIncomeNetOfTax": "854000000",
            "ebit": "526000000",
            "ebitda": "537000000",
            "netIncome": "951000000"
        },
        {
            "fiscalDateEnding": "2022-06-30",
            "reportedCurrency": "USD",
            "grossProfit": "1245000000",
            "totalRevenue": "5315000000",
            "costOfRevenue": "4070000000",
            "costofGoodsAndServicesSold": "3806000000",
            "operatingIncome": "585000000",
            "sellingGeneralAndAdministrative": "300000000",
            "researchAndDevelopment": "None",
            "operatingExpenses": "311000000",
            "investmentIncomeNet": "9000000",
            "netInterestIncome": "-74000000",
            "interestIncome": "9000000",
            "interestExpense": "83000000",
            "nonInterestIncome": "5389000000",
            "otherNonOperatingIncome": "27000000",
            "depreciation": "256000000",
            "depreciationAndAmortization": "11000000",
            "incomeBeforeTax": "607000000",
            "incomeTaxExpense": "96000000",
            "interestAndDebtExpense": "83000000",
            "netIncomeFromContinuingOperations": "511000000",
            "comprehensiveIncomeNetOfTax": "716000000",
            "ebit": "690000000",
            "ebitda": "701000000",
            "netIncome": "511000000"
        },
        {
            "fiscalDateEnding": "2022-03-31",
            "reportedCurrency": "USD",
            "grossProfit": "1026000000",
            "totalRevenue": "5168000000",
            "costOfRevenue": "4142000000",
            "costofGoodsAndServicesSold": "3839000000",
            "operatingIncome": "348000000",
            "sellingGeneralAndAdministrative": "341000000",
            "researchAndDevelopment": "None",
            "operatingExpenses": "334000000",
            "investmentIncomeNet": "8000000",
            "netInterestIncome": "-69000000",
            "interestIncome": "8000000",
            "interestExpense": "77000000",
            "nonInterestIncome": "5237000000",
            "otherNonOperatingIncome": "12000000",
            "depreciation": "250000000",
            "depreciationAndAmortization": "11000000",
            "incomeBeforeTax": "455000000",
            "incomeTaxExpense": "95000000",
            "interestAndDebtExpense": "77000000",
            "netIncomeFromContinuingOperations": "360000000",
            "comprehensiveIncomeNetOfTax": "332000000",
            "ebit": "532000000",
            "ebitda": "543000000",
            "netIncome": "360000000"
        },
        {
            "fiscalDateEnding": "2021-12-31",
            "reportedCurrency": "USD",
            "grossProfit": "5133000000",
            "totalRevenue": "5086000000",
            "costOfRevenue": "-47000000",
            "costofGoodsAndServicesSold": "3659000000",
            "operatingIncome": "5132000000",
            "sellingGeneralAndAdministrative": "344000000",
            "researchAndDevelopment": "None",
            "operatingExpenses": "405000000",
            "investmentIncomeNet": "-23000000",
            "netInterestIncome": "-76000000",
            "interestIncome": "9000000",
            "interestExpense": "85000000",
            "nonInterestIncome": "5086000000",
            "otherNonOperatingIncome": "-381000000",
            "depreciation": "310000000",
            "depreciationAndAmortization": "20000000",
            "incomeBeforeTax": "102000000",
            "incomeTaxExpense": "-5000000",
            "interestAndDebtExpense": "-389000000",
            "netIncomeFromContinuingOperations": "-196000000",
            "comprehensiveIncomeNetOfTax": "-18000000",
            "ebit": "187000000",
            "ebitda": "207000000",
            "netIncome": "107000000"
        },
        {
            "fiscalDateEnding": "2021-09-30",
            "reportedCurrency": "USD",
            "grossProfit": "1264000000",
            "totalRevenue": "5622000000",
            "costOfRevenue": "4358000000",
            "costofGoodsAndServicesSold": "3423000000",
            "operatingIncome": "490000000",
            "sellingGeneralAndAdministrative": "343000000",
            "researchAndDevelopment": "None",
            "operatingExpenses": "399000000",
            "investmentIncomeNet": "24000000",
            "netInterestIncome": "-82000000",
            "interestIncome": "22000000",
            "interestExpense": "104000000",
            "nonInterestIncome": "5715000000",
            "otherNonOperatingIncome": "13000000",
            "depreciation": "270000000",
            "depreciationAndAmortization": "12000000",
            "incomeBeforeTax": "923000000",
            "incomeTaxExpense": "59000000",
            "interestAndDebtExpense": "117000000",
            "netIncomeFromContinuingOperations": "432000000",
            "comprehensiveIncomeNetOfTax": "1644000000",
            "ebit": "1027000000",
            "ebitda": "1039000000",
            "netIncome": "864000000"
        },
        {
            "fiscalDateEnding": "2021-06-30",
            "reportedCurrency": "USD",
            "grossProfit": "1183000000",
            "totalRevenue": "5689000000",
            "costOfRevenue": "4506000000",
            "costofGoodsAndServicesSold": "3402000000",
            "operatingIncome": "390000000",
            "sellingGeneralAndAdministrative": "396000000",
            "researchAndDevelopment": "None",
            "operatingExpenses": "645000000",
            "investmentIncomeNet": "60000000",
            "netInterestIncome": "-86000000",
            "interestIncome": "31000000",
            "interestExpense": "117000000",
            "nonInterestIncome": "5746000000",
            "otherNonOperatingIncome": "36000000",
            "depreciation": "262000000",
            "depreciationAndAmortization": "11000000",
            "incomeBeforeTax": "478000000",
            "incomeTaxExpense": "46000000",
            "interestAndDebtExpense": "117000000",
            "netIncomeFromContinuingOperations": "308000000",
            "comprehensiveIncomeNetOfTax": "791000000",
            "ebit": "595000000",
            "ebitda": "606000000",
            "netIncome": "432000000"
        },
        {
            "fiscalDateEnding": "2021-03-31",
            "reportedCurrency": "USD",
            "grossProfit": "1148000000",
            "totalRevenue": "5345000000",
            "costOfRevenue": "4197000000",
            "costofGoodsAndServicesSold": "3348000000",
            "operatingIncome": "340000000",
            "sellingGeneralAndAdministrative": "302000000",
            "researchAndDevelopment": "None",
            "operatingExpenses": "401000000",
            "investmentIncomeNet": "32000000",
            "netInterestIncome": "-93000000",
            "interestIncome": "31000000",
            "interestExpense": "124000000",
            "nonInterestIncome": "5437000000",
            "otherNonOperatingIncome": "36000000",
            "depreciation": "258000000",
            "depreciationAndAmortization": "12000000",
            "incomeBeforeTax": "437000000",
            "incomeTaxExpense": "88000000",
            "interestAndDebtExpense": "124000000",
            "netIncomeFromContinuingOperations": "267000000",
            "comprehensiveIncomeNetOfTax": "238000000",
            "ebit": "561000000",
            "ebitda": "573000000",
            "netIncome": "349000000"
        },
        {
            "fiscalDateEnding": "2020-12-31",
            "reportedCurrency": "USD",
            "grossProfit": "5240000000",
            "totalRevenue": "5239000000",
            "costOfRevenue": "-1000000",
            "costofGoodsAndServicesSold": "1625000000",
            "operatingIncome": "5235000000",
            "sellingGeneralAndAdministrative": "243000000",
            "researchAndDevelopment": "None",
            "operatingExpenses": "9000000",
            "investmentIncomeNet": "34000000",
            "netInterestIncome": "-101000000",
            "interestIncome": "29000000",
            "interestExpense": "130000000",
            "nonInterestIncome": "5239000000",
            "otherNonOperatingIncome": "-54000000",
            "depreciation": "198000000",
            "depreciationAndAmortization": "31000000",
            "incomeBeforeTax": "118000000",
            "incomeTaxExpense": "-35000000",
            "interestAndDebtExpense": "-63000000",
            "netIncomeFromContinuingOperations": "-147000000",
            "comprehensiveIncomeNetOfTax": "943000000",
            "ebit": "248000000",
            "ebitda": "279000000",
            "netIncome": "153000000"
        },
        {
            "fiscalDateEnding": "2020-09-30",
            "reportedCurrency": "USD",
            "grossProfit": "1001000000",
            "totalRevenue": "5013000000",
            "costOfRevenue": "4012000000",
            "costofGoodsAndServicesSold": "3541000000",
            "operatingIncome": "473000000",
            "sellingGeneralAndAdministrative": "360000000",
            "researchAndDevelopment": "None",
            "operatingExpenses": "482000000",
            "investmentIncomeNet": "36000000",
            "netInterestIncome": "-112000000",
            "interestIncome": "36000000",
            "interestExpense": "148000000",
            "nonInterestIncome": "5125000000",
            "otherNonOperatingIncome": "-20000000",
            "depreciation": "300000000",
            "depreciationAndAmortization": "17000000",
            "incomeBeforeTax": "254000000",
            "incomeTaxExpense": "50000000",
            "interestAndDebtExpense": "148000000",
            "netIncomeFromContinuingOperations": "204000000",
            "comprehensiveIncomeNetOfTax": "221000000",
            "ebit": "402000000",
            "ebitda": "419000000",
            "netIncome": "204000000"
        },
        {
            "fiscalDateEnding": "2020-06-30",
            "reportedCurrency": "USD",
            "grossProfit": "974000000",
            "totalRevenue": "4750000000",
            "costOfRevenue": "3776000000",
            "costofGoodsAndServicesSold": "3427000000",
            "operatingIncome": "428000000",
            "sellingGeneralAndAdministrative": "332000000",
            "researchAndDevelopment": "None",
            "operatingExpenses": "366000000",
            "investmentIncomeNet": "40000000",
            "netInterestIncome": "-116000000",
            "interestIncome": "40000000",
            "interestExpense": "156000000",
            "nonInterestIncome": "4866000000",
            "otherNonOperatingIncome": "-3000000",
            "depreciation": "293000000",
            "depreciationAndAmortization": "16000000",
            "incomeBeforeTax": "333000000",
            "incomeTaxExpense": "67000000",
            "interestAndDebtExpense": "156000000",
            "netIncomeFromContinuingOperations": "266000000",
            "comprehensiveIncomeNetOfTax": "372000000",
            "ebit": "489000000",
            "ebitda": "505000000",
            "netIncome": "266000000"
        },
        {
            "fiscalDateEnding": "2020-03-31",
            "reportedCurrency": "USD",
            "grossProfit": "1027000000",
            "totalRevenue": "5235000000",
            "costOfRevenue": "4208000000",
            "costofGoodsAndServicesSold": "3746000000",
            "operatingIncome": "512000000",
            "sellingGeneralAndAdministrative": "418000000",
            "researchAndDevelopment": "None",
            "operatingExpenses": "406000000",
            "investmentIncomeNet": "46000000",
            "netInterestIncome": "-117000000",
            "interestIncome": "46000000",
            "interestExpense": "163000000",
            "nonInterestIncome": "5352000000",
            "otherNonOperatingIncome": "32000000",
            "depreciation": "309000000",
            "depreciationAndAmortization": "10000000",
            "incomeBeforeTax": "-47000000",
            "incomeTaxExpense": "94000000",
            "interestAndDebtExpense": "163000000",
            "netIncomeFromContinuingOperations": "-141000000",
            "comprehensiveIncomeNetOfTax": "-657000000",
            "ebit": "116000000",
            "ebitda": "126000000",
            "netIncome": "-141000000"
        },
        {
            "fiscalDateEnding": "2019-12-31",
            "reportedCurrency": "USD",
            "grossProfit": "5066000000",
            "totalRevenue": "5499000000",
            "costOfRevenue": "433000000",
            "costofGoodsAndServicesSold": "1067000000",
            "operatingIncome": "4642000000",
            "sellingGeneralAndAdministrative": "247000000",
            "researchAndDevelopment": "None",
            "operatingExpenses": "423000000",
            "investmentIncomeNet": "55000000",
            "netInterestIncome": "-121000000",
            "interestIncome": "42000000",
            "interestExpense": "163000000",
            "nonInterestIncome": "5499000000",
            "otherNonOperatingIncome": "-23000000",
            "depreciation": "98000000",
            "depreciationAndAmortization": "22000000",
            "incomeBeforeTax": "271000000",
            "incomeTaxExpense": "106000000",
            "interestAndDebtExpense": "147000000",
            "netIncomeFromContinuingOperations": "-361000000",
            "comprehensiveIncomeNetOfTax": "440000000",
            "ebit": "434000000",
            "ebitda": "456000000",
            "netIncome": "165000000"
        },
        {
            "fiscalDateEnding": "2019-09-30",
            "reportedCurrency": "USD",
            "grossProfit": "1217000000",
            "totalRevenue": "5445000000",
            "costOfRevenue": "4228000000",
            "costofGoodsAndServicesSold": "3772000000",
            "operatingIncome": "701000000",
            "sellingGeneralAndAdministrative": "387000000",
            "researchAndDevelopment": "None",
            "operatingExpenses": "458000000",
            "investmentIncomeNet": "54000000",
            "netInterestIncome": "-123000000",
            "interestIncome": "54000000",
            "interestExpense": "177000000",
            "nonInterestIncome": "5568000000",
            "otherNonOperatingIncome": "19000000",
            "depreciation": "305000000",
            "depreciationAndAmortization": "18000000",
            "incomeBeforeTax": "481000000",
            "incomeTaxExpense": "137000000",
            "interestAndDebtExpense": "177000000",
            "netIncomeFromContinuingOperations": "344000000",
            "comprehensiveIncomeNetOfTax": "200000000",
            "ebit": "658000000",
            "ebitda": "676000000",
            "netIncome": "344000000"
        },
        {
            "fiscalDateEnding": "2019-06-30",
            "reportedCurrency": "USD",
            "grossProfit": "1218000000",
            "totalRevenue": "5545000000",
            "costOfRevenue": "4327000000",
            "costofGoodsAndServicesSold": "3901000000",
            "operatingIncome": "629000000",
            "sellingGeneralAndAdministrative": "402000000",
            "researchAndDevelopment": "None",
            "operatingExpenses": "415000000",
            "investmentIncomeNet": "55000000",
            "netInterestIncome": "-122000000",
            "interestIncome": "55000000",
            "interestExpense": "177000000",
            "nonInterestIncome": "5667000000",
            "otherNonOperatingIncome": "-72000000",
            "depreciation": "300000000",
            "depreciationAndAmortization": "13000000",
            "incomeBeforeTax": "420000000",
            "incomeTaxExpense": "128000000",
            "interestAndDebtExpense": "177000000",
            "netIncomeFromContinuingOperations": "292000000",
            "comprehensiveIncomeNetOfTax": "397000000",
            "ebit": "597000000",
            "ebitda": "610000000",
            "netIncome": "292000000"
        },
        {
            "fiscalDateEnding": "2019-03-31",
            "reportedCurrency": "USD",
            "grossProfit": "5054000000",
            "totalRevenue": "5510000000",
            "costOfRevenue": "456000000",
            "costofGoodsAndServicesSold": "3929000000",
            "operatingIncome": "600000000",
            "sellingGeneralAndAdministrative": "413000000",
            "researchAndDevelopment": "None",
            "operatingExpenses": "425000000",
            "investmentIncomeNet": "51000000",
            "netInterestIncome": "-133000000",
            "interestIncome": "51000000",
            "interestExpense": "184000000",
            "nonInterestIncome": "5643000000",
            "otherNonOperatingIncome": "121000000",
            "depreciation": "297000000",
            "depreciationAndAmortization": "12000000",
            "incomeBeforeTax": "530000000",
            "incomeTaxExpense": "106000000",
            "interestAndDebtExpense": "184000000",
            "netIncomeFromContinuingOperations": "424000000",
            "comprehensiveIncomeNetOfTax": "478000000",
            "ebit": "714000000",
            "ebitda": "726000000",
            "netIncome": "424000000"
        },
        {
            "fiscalDateEnding": "2018-12-31",
            "reportedCurrency": "USD",
            "grossProfit": "5527000000",
            "totalRevenue": "5951000000",
            "costOfRevenue": "424000000",
            "costofGoodsAndServicesSold": "3798000000",
            "operatingIncome": "5098000000",
            "sellingGeneralAndAdministrative": "446000000",
            "researchAndDevelopment": "None",
            "operatingExpenses": "429000000",
            "investmentIncomeNet": "52000000",
            "netInterestIncome": "-135000000",
            "interestIncome": "52000000",
            "interestExpense": "187000000",
            "nonInterestIncome": "5951000000",
            "otherNonOperatingIncome": "79000000",
            "depreciation": "270000000",
            "depreciationAndAmortization": "15000000",
            "incomeBeforeTax": "459000000",
            "incomeTaxExpense": "143000000",
            "interestAndDebtExpense": "177000000",
            "netIncomeFromContinuingOperations": "316000000",
            "comprehensiveIncomeNetOfTax": "703000000",
            "ebit": "646000000",
            "ebitda": "661000000",
            "netIncome": "316000000"
        },
        {
            "fiscalDateEnding": "2018-09-30",
            "reportedCurrency": "USD",
            "grossProfit": "5303000000",
            "totalRevenue": "5768000000",
            "costOfRevenue": "465000000",
            "costofGoodsAndServicesSold": "3887000000",
            "operatingIncome": "738000000",
            "sellingGeneralAndAdministrative": "405000000",
            "researchAndDevelopment": "None",
            "operatingExpenses": "420000000",
            "investmentIncomeNet": "51000000",
            "netInterestIncome": "-133000000",
            "interestIncome": "51000000",
            "interestExpense": "184000000",
            "nonInterestIncome": "5901000000",
            "otherNonOperatingIncome": "-30000000",
            "depreciation": "315000000",
            "depreciationAndAmortization": "15000000",
            "incomeBeforeTax": "645000000",
            "incomeTaxExpense": "83000000",
            "interestAndDebtExpense": "184000000",
            "netIncomeFromContinuingOperations": "562000000",
            "comprehensiveIncomeNetOfTax": "556000000",
            "ebit": "829000000",
            "ebitda": "844000000",
            "netIncome": "562000000"
        },
        {
            "fiscalDateEnding": "2018-06-30",
            "reportedCurrency": "USD",
            "grossProfit": "6712000000",
            "totalRevenue": "11533000000",
            "costOfRevenue": "4821000000",
            "costofGoodsAndServicesSold": "3922000000",
            "operatingIncome": "697000000",
            "sellingGeneralAndAdministrative": "12000000",
            "researchAndDevelopment": "None",
            "operatingExpenses": "438000000",
            "investmentIncomeNet": "50000000",
            "netInterestIncome": "-133000000",
            "interestIncome": "50000000",
            "interestExpense": "183000000",
            "nonInterestIncome": "5833000000",
            "otherNonOperatingIncome": "70000000",
            "depreciation": "309000000",
            "depreciationAndAmortization": "15000000",
            "incomeBeforeTax": "535000000",
            "incomeTaxExpense": "130000000",
            "interestAndDebtExpense": "183000000",
            "netIncomeFromContinuingOperations": "428000000",
            "comprehensiveIncomeNetOfTax": "54000000",
            "ebit": "718000000",
            "ebitda": "733000000",
            "netIncome": "405000000"
        },
        {
            "fiscalDateEnding": "2018-03-31",
            "reportedCurrency": "USD",
            "grossProfit": "6865000000",
            "totalRevenue": "11623000000",
            "costOfRevenue": "4758000000",
            "costofGoodsAndServicesSold": "3948000000",
            "operatingIncome": "512000000",
            "sellingGeneralAndAdministrative": "421000000",
            "researchAndDevelopment": "None",
            "operatingExpenses": "-81000000",
            "investmentIncomeNet": "45000000",
            "netInterestIncome": "-135000000",
            "interestIncome": "45000000",
            "interestExpense": "180000000",
            "nonInterestIncome": "6137000000",
            "otherNonOperatingIncome": "95000000",
            "depreciation": "306000000",
            "depreciationAndAmortization": "14000000",
            "incomeBeforeTax": "818000000",
            "incomeTaxExpense": "89000000",
            "interestAndDebtExpense": "180000000",
            "netIncomeFromContinuingOperations": "361000000",
            "comprehensiveIncomeNetOfTax": "832000000",
            "ebit": "998000000",
            "ebitda": "1012000000",
            "netIncome": "729000000"
        }
    ]
}