{
    "symbol": "IQV",
    "annualReports": [
        {
            "fiscalDateEnding": "2022-12-31",
            "reportedCurrency": "USD",
            "grossProfit": "1553000000",
            "totalRevenue": "14004000000",
            "costOfRevenue": "12451000000",
            "costofGoodsAndServicesSold": "9382000000",
            "operatingIncome": "1799000000",
            "sellingGeneralAndAdministrative": "2071000000",
            "researchAndDevelopment": "None",
            "operatingExpenses": "3059000000",
            "investmentIncomeNet": "13000000",
            "netInterestIncome": "-416000000",
            "interestIncome": "403000000",
            "interestExpense": "416000000",
            "nonInterestIncome": "14420000000",
            "otherNonOperatingIncome": "-33000000",
            "depreciation": "160000000",
            "depreciationAndAmortization": "970000000",
            "incomeBeforeTax": "1351000000",
            "incomeTaxExpense": "260000000",
            "interestAndDebtExpense": "416000000",
            "netIncomeFromContinuingOperations": "1091000000",
            "comprehensiveIncomeNetOfTax": "770000000",
            "ebit": "1767000000",
            "ebitda": "2737000000",
            "netIncome": "1091000000"
        },
        {
            "fiscalDateEnding": "2021-12-31",
            "reportedCurrency": "USD",
            "grossProfit": "1136000000",
            "totalRevenue": "13470000000",
            "costOfRevenue": "12334000000",
            "costofGoodsAndServicesSold": "9233000000",
            "operatingIncome": "1393000000",
            "sellingGeneralAndAdministrative": "1964000000",
            "researchAndDevelopment": "None",
            "operatingExpenses": "3101000000",
            "investmentIncomeNet": "6000000",
            "netInterestIncome": "-375000000",
            "interestIncome": "6000000",
            "interestExpense": "375000000",
            "nonInterestIncome": "13845000000",
            "otherNonOperatingIncome": "130000000",
            "depreciation": "147000000",
            "depreciationAndAmortization": "1117000000",
            "incomeBeforeTax": "1129000000",
            "incomeTaxExpense": "163000000",
            "interestAndDebtExpense": "401000000",
            "netIncomeFromContinuingOperations": "971000000",
            "comprehensiveIncomeNetOfTax": "775000000",
            "ebit": "1504000000",
            "ebitda": "2621000000",
            "netIncome": "966000000"
        },
        {
            "fiscalDateEnding": "2020-12-31",
            "reportedCurrency": "USD",
            "grossProfit": "441000000",
            "totalRevenue": "10935000000",
            "costOfRevenue": "10494000000",
            "costofGoodsAndServicesSold": "7500000000",
            "operatingIncome": "731000000",
            "sellingGeneralAndAdministrative": "1789000000",
            "researchAndDevelopment": "None",
            "operatingExpenses": "2994000000",
            "investmentIncomeNet": "6000000",
            "netInterestIncome": "-416000000",
            "interestIncome": "6000000",
            "interestExpense": "416000000",
            "nonInterestIncome": "11351000000",
            "otherNonOperatingIncome": "65000000",
            "depreciation": "134000000",
            "depreciationAndAmortization": "1153000000",
            "incomeBeforeTax": "351000000",
            "incomeTaxExpense": "72000000",
            "interestAndDebtExpense": "429000000",
            "netIncomeFromContinuingOperations": "308000000",
            "comprehensiveIncomeNetOfTax": "385000000",
            "ebit": "767000000",
            "ebitda": "1920000000",
            "netIncome": "279000000"
        },
        {
            "fiscalDateEnding": "2019-12-31",
            "reportedCurrency": "USD",
            "grossProfit": "433000000",
            "totalRevenue": "10616000000",
            "costOfRevenue": "10183000000",
            "costofGoodsAndServicesSold": "7300000000",
            "operatingIncome": "777000000",
            "sellingGeneralAndAdministrative": "1734000000",
            "researchAndDevelopment": "None",
            "operatingExpenses": "2884000000",
            "investmentIncomeNet": "9000000",
            "netInterestIncome": "-447000000",
            "interestIncome": "9000000",
            "interestExpense": "447000000",
            "nonInterestIncome": "11063000000",
            "otherNonOperatingIncome": "37000000",
            "depreciation": "128000000",
            "depreciationAndAmortization": "1074000000",
            "incomeBeforeTax": "307000000",
            "incomeTaxExpense": "116000000",
            "interestAndDebtExpense": "471000000",
            "netIncomeFromContinuingOperations": "227000000",
            "comprehensiveIncomeNetOfTax": "104000000",
            "ebit": "754000000",
            "ebitda": "1828000000",
            "netIncome": "191000000"
        },
        {
            "fiscalDateEnding": "2018-12-31",
            "reportedCurrency": "USD",
            "grossProfit": "7196000000",
            "totalRevenue": "9996000000",
            "costOfRevenue": "2800000000",
            "costofGoodsAndServicesSold": "6746000000",
            "operatingIncome": "741000000",
            "sellingGeneralAndAdministrative": "1716000000",
            "researchAndDevelopment": "None",
            "operatingExpenses": "2800000000",
            "investmentIncomeNet": "8000000",
            "netInterestIncome": "-414000000",
            "interestIncome": "8000000",
            "interestExpense": "414000000",
            "nonInterestIncome": "10410000000",
            "otherNonOperatingIncome": "-5000000",
            "depreciation": "125000000",
            "depreciationAndAmortization": "1016000000",
            "incomeBeforeTax": "318000000",
            "incomeTaxExpense": "59000000",
            "interestAndDebtExpense": "416000000",
            "netIncomeFromContinuingOperations": "284000000",
            "comprehensiveIncomeNetOfTax": "-14000000",
            "ebit": "732000000",
            "ebitda": "1748000000",
            "netIncome": "259000000"
        }
    ],
    "quarterlyReports": [
        {
            "fiscalDateEnding": "2022-12-31",
            "reportedCurrency": "USD",
            "grossProfit": "-853000000",
            "totalRevenue": "3621000000",
            "costOfRevenue": "3973000000",
            "costofGoodsAndServicesSold": "2407000000",
            "operatingIncome": "379000000",
            "sellingGeneralAndAdministrative": "583000000",
            "researchAndDevelopment": "None",
            "operatingExpenses": "1556000000",
            "investmentIncomeNet": "6000000",
            "netInterestIncome": "-128000000",
            "interestIncome": "122000000",
            "interestExpense": "128000000",
            "nonInterestIncome": "3749000000",
            "otherNonOperatingIncome": "18000000",
            "depreciation": "None",
            "depreciationAndAmortization": "2407000000",
            "incomeBeforeTax": "275000000",
            "incomeTaxExpense": "48000000",
            "interestAndDebtExpense": "128000000",
            "netIncomeFromContinuingOperations": "227000000",
            "comprehensiveIncomeNetOfTax": "398000000",
            "ebit": "403000000",
            "ebitda": "2810000000",
            "netIncome": "227000000"
        },
        {
            "fiscalDateEnding": "2022-09-30",
            "reportedCurrency": "USD",
            "grossProfit": "812000000",
            "totalRevenue": "3454000000",
            "costOfRevenue": "2842000000",
            "costofGoodsAndServicesSold": "2321000000",
            "operatingIncome": "472000000",
            "sellingGeneralAndAdministrative": "517000000",
            "researchAndDevelopment": "None",
            "operatingExpenses": "521000000",
            "investmentIncomeNet": "4000000",
            "netInterestIncome": "-108000000",
            "interestIncome": "4000000",
            "interestExpense": "108000000",
            "nonInterestIncome": "3562000000",
            "otherNonOperatingIncome": "-8000000",
            "depreciation": "None",
            "depreciationAndAmortization": "248000000",
            "incomeBeforeTax": "353000000",
            "incomeTaxExpense": "70000000",
            "interestAndDebtExpense": "108000000",
            "netIncomeFromContinuingOperations": "283000000",
            "comprehensiveIncomeNetOfTax": "82000000",
            "ebit": "461000000",
            "ebitda": "709000000",
            "netIncome": "283000000"
        },
        {
            "fiscalDateEnding": "2022-06-30",
            "reportedCurrency": "USD",
            "grossProfit": "795000000",
            "totalRevenue": "3447000000",
            "costOfRevenue": "2818000000",
            "costofGoodsAndServicesSold": "2331000000",
            "operatingIncome": "453000000",
            "sellingGeneralAndAdministrative": "483000000",
            "researchAndDevelopment": "None",
            "operatingExpenses": "487000000",
            "investmentIncomeNet": "2000000",
            "netInterestIncome": "-94000000",
            "interestIncome": "2000000",
            "interestExpense": "94000000",
            "nonInterestIncome": "3541000000",
            "otherNonOperatingIncome": "-33000000",
            "depreciation": "None",
            "depreciationAndAmortization": "270000000",
            "incomeBeforeTax": "327000000",
            "incomeTaxExpense": "71000000",
            "interestAndDebtExpense": "94000000",
            "netIncomeFromContinuingOperations": "256000000",
            "comprehensiveIncomeNetOfTax": "-22000000",
            "ebit": "421000000",
            "ebitda": "691000000",
            "netIncome": "256000000"
        },
        {
            "fiscalDateEnding": "2022-03-31",
            "reportedCurrency": "USD",
            "grossProfit": "799000000",
            "totalRevenue": "3482000000",
            "costOfRevenue": "2818000000",
            "costofGoodsAndServicesSold": "2323000000",
            "operatingIncome": "495000000",
            "sellingGeneralAndAdministrative": "488000000",
            "researchAndDevelopment": "None",
            "operatingExpenses": "495000000",
            "investmentIncomeNet": "1000000",
            "netInterestIncome": "-86000000",
            "interestIncome": "1000000",
            "interestExpense": "86000000",
            "nonInterestIncome": "3568000000",
            "otherNonOperatingIncome": "-10000000",
            "depreciation": "None",
            "depreciationAndAmortization": "255000000",
            "incomeBeforeTax": "396000000",
            "incomeTaxExpense": "71000000",
            "interestAndDebtExpense": "86000000",
            "netIncomeFromContinuingOperations": "325000000",
            "comprehensiveIncomeNetOfTax": "312000000",
            "ebit": "482000000",
            "ebitda": "737000000",
            "netIncome": "325000000"
        },
        {
            "fiscalDateEnding": "2021-12-31",
            "reportedCurrency": "USD",
            "grossProfit": "-1037000000",
            "totalRevenue": "3542000000",
            "costOfRevenue": "4028000000",
            "costofGoodsAndServicesSold": "2364000000",
            "operatingIncome": "463000000",
            "sellingGeneralAndAdministrative": "542000000",
            "researchAndDevelopment": "None",
            "operatingExpenses": "1664000000",
            "investmentIncomeNet": "2000000",
            "netInterestIncome": "-90000000",
            "interestIncome": "2000000",
            "interestExpense": "90000000",
            "nonInterestIncome": "3632000000",
            "otherNonOperatingIncome": "2000000",
            "depreciation": "None",
            "depreciationAndAmortization": "262000000",
            "incomeBeforeTax": "377000000",
            "incomeTaxExpense": "59000000",
            "interestAndDebtExpense": "91000000",
            "netIncomeFromContinuingOperations": "318000000",
            "comprehensiveIncomeNetOfTax": "357000000",
            "ebit": "467000000",
            "ebitda": "729000000",
            "netIncome": "318000000"
        },
        {
            "fiscalDateEnding": "2021-09-30",
            "reportedCurrency": "USD",
            "grossProfit": "727000000",
            "totalRevenue": "3298000000",
            "costOfRevenue": "2753000000",
            "costofGoodsAndServicesSold": "2253000000",
            "operatingIncome": "302000000",
            "sellingGeneralAndAdministrative": "498000000",
            "researchAndDevelopment": "None",
            "operatingExpenses": "500000000",
            "investmentIncomeNet": "2000000",
            "netInterestIncome": "-92000000",
            "interestIncome": "90000000",
            "interestExpense": "92000000",
            "nonInterestIncome": "3390000000",
            "otherNonOperatingIncome": "62000000",
            "depreciation": "None",
            "depreciationAndAmortization": "336000000",
            "incomeBeforeTax": "273000000",
            "incomeTaxExpense": "12000000",
            "interestAndDebtExpense": "93000000",
            "netIncomeFromContinuingOperations": "261000000",
            "comprehensiveIncomeNetOfTax": "143000000",
            "ebit": "365000000",
            "ebitda": "701000000",
            "netIncome": "261000000"
        },
        {
            "fiscalDateEnding": "2021-06-30",
            "reportedCurrency": "USD",
            "grossProfit": "715000000",
            "totalRevenue": "3344000000",
            "costOfRevenue": "2809000000",
            "costofGoodsAndServicesSold": "2323000000",
            "operatingIncome": "286000000",
            "sellingGeneralAndAdministrative": "482000000",
            "researchAndDevelopment": "None",
            "operatingExpenses": "486000000",
            "investmentIncomeNet": "1000000",
            "netInterestIncome": "-94000000",
            "interestIncome": "93000000",
            "interestExpense": "94000000",
            "nonInterestIncome": "3438000000",
            "otherNonOperatingIncome": "29000000",
            "depreciation": "None",
            "depreciationAndAmortization": "343000000",
            "incomeBeforeTax": "223000000",
            "incomeTaxExpense": "48000000",
            "interestAndDebtExpense": "94000000",
            "netIncomeFromContinuingOperations": "175000000",
            "comprehensiveIncomeNetOfTax": "234000000",
            "ebit": "317000000",
            "ebitda": "660000000",
            "netIncome": "175000000"
        },
        {
            "fiscalDateEnding": "2021-03-31",
            "reportedCurrency": "USD",
            "grossProfit": "731000000",
            "totalRevenue": "3286000000",
            "costOfRevenue": "2744000000",
            "costofGoodsAndServicesSold": "2293000000",
            "operatingIncome": "342000000",
            "sellingGeneralAndAdministrative": "442000000",
            "researchAndDevelopment": "None",
            "operatingExpenses": "451000000",
            "investmentIncomeNet": "1000000",
            "netInterestIncome": "-99000000",
            "interestIncome": "1000000",
            "interestExpense": "99000000",
            "nonInterestIncome": "3385000000",
            "otherNonOperatingIncome": "37000000",
            "depreciation": "None",
            "depreciationAndAmortization": "323000000",
            "incomeBeforeTax": "256000000",
            "incomeTaxExpense": "44000000",
            "interestAndDebtExpense": "123000000",
            "netIncomeFromContinuingOperations": "217000000",
            "comprehensiveIncomeNetOfTax": "41000000",
            "ebit": "355000000",
            "ebitda": "678000000",
            "netIncome": "212000000"
        },
        {
            "fiscalDateEnding": "2020-12-31",
            "reportedCurrency": "USD",
            "grossProfit": "3298000000",
            "totalRevenue": "3298000000",
            "costOfRevenue": "3818000000",
            "costofGoodsAndServicesSold": "2172000000",
            "operatingIncome": "289000000",
            "sellingGeneralAndAdministrative": "491000000",
            "researchAndDevelopment": "None",
            "operatingExpenses": "1646000000",
            "investmentIncomeNet": "2000000",
            "netInterestIncome": "-102000000",
            "interestIncome": "2000000",
            "interestExpense": "102000000",
            "nonInterestIncome": "3298000000",
            "otherNonOperatingIncome": "6000000",
            "depreciation": "None",
            "depreciationAndAmortization": "344000000",
            "incomeBeforeTax": "182000000",
            "incomeTaxExpense": "63000000",
            "interestAndDebtExpense": "103000000",
            "netIncomeFromContinuingOperations": "289000000",
            "comprehensiveIncomeNetOfTax": "231000000",
            "ebit": "284000000",
            "ebitda": "628000000",
            "netIncome": "119000000"
        },
        {
            "fiscalDateEnding": "2020-09-30",
            "reportedCurrency": "USD",
            "grossProfit": "600000000",
            "totalRevenue": "2686000000",
            "costOfRevenue": "2280000000",
            "costofGoodsAndServicesSold": "1800000000",
            "operatingIncome": "187000000",
            "sellingGeneralAndAdministrative": "460000000",
            "researchAndDevelopment": "None",
            "operatingExpenses": "480000000",
            "investmentIncomeNet": "1000000",
            "netInterestIncome": "-100000000",
            "interestIncome": "99000000",
            "interestExpense": "100000000",
            "nonInterestIncome": "2786000000",
            "otherNonOperatingIncome": "14000000",
            "depreciation": "None",
            "depreciationAndAmortization": "319000000",
            "incomeBeforeTax": "98000000",
            "incomeTaxExpense": "-3000000",
            "interestAndDebtExpense": "100000000",
            "netIncomeFromContinuingOperations": "108000000",
            "comprehensiveIncomeNetOfTax": "228000000",
            "ebit": "198000000",
            "ebitda": "517000000",
            "netIncome": "101000000"
        },
        {
            "fiscalDateEnding": "2020-06-30",
            "reportedCurrency": "USD",
            "grossProfit": "449000000",
            "totalRevenue": "2401000000",
            "costOfRevenue": "2151000000",
            "costofGoodsAndServicesSold": "1704000000",
            "operatingIncome": "62000000",
            "sellingGeneralAndAdministrative": "431000000",
            "researchAndDevelopment": "None",
            "operatingExpenses": "447000000",
            "investmentIncomeNet": "1000000",
            "netInterestIncome": "-108000000",
            "interestIncome": "1000000",
            "interestExpense": "108000000",
            "nonInterestIncome": "2509000000",
            "otherNonOperatingIncome": "32000000",
            "depreciation": "None",
            "depreciationAndAmortization": "308000000",
            "incomeBeforeTax": "-28000000",
            "incomeTaxExpense": "-5000000",
            "interestAndDebtExpense": "120000000",
            "netIncomeFromContinuingOperations": "-21000000",
            "comprehensiveIncomeNetOfTax": "18000000",
            "ebit": "80000000",
            "ebitda": "388000000",
            "netIncome": "-23000000"
        },
        {
            "fiscalDateEnding": "2020-03-31",
            "reportedCurrency": "USD",
            "grossProfit": "547000000",
            "totalRevenue": "2648000000",
            "costOfRevenue": "2245000000",
            "costofGoodsAndServicesSold": "1824000000",
            "operatingIncome": "193000000",
            "sellingGeneralAndAdministrative": "407000000",
            "researchAndDevelopment": "None",
            "operatingExpenses": "421000000",
            "investmentIncomeNet": "2000000",
            "netInterestIncome": "-106000000",
            "interestIncome": "2000000",
            "interestExpense": "106000000",
            "nonInterestIncome": "2754000000",
            "otherNonOperatingIncome": "13000000",
            "depreciation": "None",
            "depreciationAndAmortization": "316000000",
            "incomeBeforeTax": "99000000",
            "incomeTaxExpense": "17000000",
            "interestAndDebtExpense": "106000000",
            "netIncomeFromContinuingOperations": "91000000",
            "comprehensiveIncomeNetOfTax": "-92000000",
            "ebit": "205000000",
            "ebitda": "521000000",
            "netIncome": "82000000"
        },
        {
            "fiscalDateEnding": "2019-12-31",
            "reportedCurrency": "USD",
            "grossProfit": "2895000000",
            "totalRevenue": "2895000000",
            "costOfRevenue": "3489000000",
            "costofGoodsAndServicesSold": "1901000000",
            "operatingIncome": "166000000",
            "sellingGeneralAndAdministrative": "484000000",
            "researchAndDevelopment": "None",
            "operatingExpenses": "1589000000",
            "investmentIncomeNet": "2000000",
            "netInterestIncome": "-109000000",
            "interestIncome": "2000000",
            "interestExpense": "109000000",
            "nonInterestIncome": "2895000000",
            "otherNonOperatingIncome": "37000000",
            "depreciation": "None",
            "depreciationAndAmortization": "314000000",
            "incomeBeforeTax": "84000000",
            "incomeTaxExpense": "68000000",
            "interestAndDebtExpense": "109000000",
            "netIncomeFromContinuingOperations": "166000000",
            "comprehensiveIncomeNetOfTax": "82000000",
            "ebit": "193000000",
            "ebitda": "507000000",
            "netIncome": "16000000"
        },
        {
            "fiscalDateEnding": "2019-09-30",
            "reportedCurrency": "USD",
            "grossProfit": "563000000",
            "totalRevenue": "2631000000",
            "costOfRevenue": "2266000000",
            "costofGoodsAndServicesSold": "1852000000",
            "operatingIncome": "204000000",
            "sellingGeneralAndAdministrative": "395000000",
            "researchAndDevelopment": "None",
            "operatingExpenses": "414000000",
            "investmentIncomeNet": "3000000",
            "netInterestIncome": "-114000000",
            "interestIncome": "3000000",
            "interestExpense": "114000000",
            "nonInterestIncome": "2745000000",
            "otherNonOperatingIncome": "0",
            "depreciation": "None",
            "depreciationAndAmortization": "299000000",
            "incomeBeforeTax": "56000000",
            "incomeTaxExpense": "-1000000",
            "interestAndDebtExpense": "138000000",
            "netIncomeFromContinuingOperations": "69000000",
            "comprehensiveIncomeNetOfTax": "-105000000",
            "ebit": "170000000",
            "ebitda": "469000000",
            "netIncome": "57000000"
        },
        {
            "fiscalDateEnding": "2019-06-30",
            "reportedCurrency": "USD",
            "grossProfit": "562000000",
            "totalRevenue": "2626000000",
            "costOfRevenue": "450000000",
            "costofGoodsAndServicesSold": "1799000000",
            "operatingIncome": "197000000",
            "sellingGeneralAndAdministrative": "436000000",
            "researchAndDevelopment": "None",
            "operatingExpenses": "450000000",
            "investmentIncomeNet": "2000000",
            "netInterestIncome": "-114000000",
            "interestIncome": "2000000",
            "interestExpense": "114000000",
            "nonInterestIncome": "2740000000",
            "otherNonOperatingIncome": "-7000000",
            "depreciation": "None",
            "depreciationAndAmortization": "294000000",
            "incomeBeforeTax": "68000000",
            "incomeTaxExpense": "8000000",
            "interestAndDebtExpense": "114000000",
            "netIncomeFromContinuingOperations": "71000000",
            "comprehensiveIncomeNetOfTax": "107000000",
            "ebit": "182000000",
            "ebitda": "476000000",
            "netIncome": "60000000"
        },
        {
            "fiscalDateEnding": "2019-03-31",
            "reportedCurrency": "USD",
            "grossProfit": "556000000",
            "totalRevenue": "2574000000",
            "costOfRevenue": "431000000",
            "costofGoodsAndServicesSold": "1748000000",
            "operatingIncome": "210000000",
            "sellingGeneralAndAdministrative": "419000000",
            "researchAndDevelopment": "None",
            "operatingExpenses": "431000000",
            "investmentIncomeNet": "2000000",
            "netInterestIncome": "-110000000",
            "interestIncome": "2000000",
            "interestExpense": "110000000",
            "nonInterestIncome": "2684000000",
            "otherNonOperatingIncome": "7000000",
            "depreciation": "None",
            "depreciationAndAmortization": "295000000",
            "incomeBeforeTax": "99000000",
            "incomeTaxExpense": "41000000",
            "interestAndDebtExpense": "110000000",
            "netIncomeFromContinuingOperations": "67000000",
            "comprehensiveIncomeNetOfTax": "20000000",
            "ebit": "209000000",
            "ebitda": "504000000",
            "netIncome": "58000000"
        },
        {
            "fiscalDateEnding": "2018-12-31",
            "reportedCurrency": "USD",
            "grossProfit": "2688000000",
            "totalRevenue": "2688000000",
            "costOfRevenue": "1461000000",
            "costofGoodsAndServicesSold": "1742000000",
            "operatingIncome": "207000000",
            "sellingGeneralAndAdministrative": "443000000",
            "researchAndDevelopment": "None",
            "operatingExpenses": "1461000000",
            "investmentIncomeNet": "3000000",
            "netInterestIncome": "-106000000",
            "interestIncome": "None",
            "interestExpense": "106000000",
            "nonInterestIncome": "2688000000",
            "otherNonOperatingIncome": "0",
            "depreciation": "None",
            "depreciationAndAmortization": "294000000",
            "incomeBeforeTax": "99000000",
            "incomeTaxExpense": "30000000",
            "interestAndDebtExpense": "106000000",
            "netIncomeFromContinuingOperations": "207000000",
            "comprehensiveIncomeNetOfTax": "65000000",
            "ebit": "205000000",
            "ebitda": "499000000",
            "netIncome": "69000000"
        },
        {
            "fiscalDateEnding": "2018-09-30",
            "reportedCurrency": "USD",
            "grossProfit": "2037000000",
            "totalRevenue": "2489000000",
            "costOfRevenue": "452000000",
            "costofGoodsAndServicesSold": "1678000000",
            "operatingIncome": "181000000",
            "sellingGeneralAndAdministrative": "429000000",
            "researchAndDevelopment": "None",
            "operatingExpenses": "452000000",
            "investmentIncomeNet": "2000000",
            "netInterestIncome": "-105000000",
            "interestIncome": "None",
            "interestExpense": "105000000",
            "nonInterestIncome": "2594000000",
            "otherNonOperatingIncome": "-27000000",
            "depreciation": "None",
            "depreciationAndAmortization": "283000000",
            "incomeBeforeTax": "46000000",
            "incomeTaxExpense": "-14000000",
            "interestAndDebtExpense": "105000000",
            "netIncomeFromContinuingOperations": "67000000",
            "comprehensiveIncomeNetOfTax": "-56000000",
            "ebit": "151000000",
            "ebitda": "434000000",
            "netIncome": "60000000"
        },
        {
            "fiscalDateEnding": "2018-06-30",
            "reportedCurrency": "USD",
            "grossProfit": "2017000000",
            "totalRevenue": "2458000000",
            "costOfRevenue": "441000000",
            "costofGoodsAndServicesSold": "1674000000",
            "operatingIncome": "170000000",
            "sellingGeneralAndAdministrative": "424000000",
            "researchAndDevelopment": "None",
            "operatingExpenses": "441000000",
            "investmentIncomeNet": "1000000",
            "netInterestIncome": "-107000000",
            "interestIncome": "None",
            "interestExpense": "107000000",
            "nonInterestIncome": "2565000000",
            "otherNonOperatingIncome": "26000000",
            "depreciation": "None",
            "depreciationAndAmortization": "282000000",
            "incomeBeforeTax": "85000000",
            "incomeTaxExpense": "24000000",
            "interestAndDebtExpense": "109000000",
            "netIncomeFromContinuingOperations": "68000000",
            "comprehensiveIncomeNetOfTax": "-297000000",
            "ebit": "192000000",
            "ebitda": "474000000",
            "netIncome": "61000000"
        },
        {
            "fiscalDateEnding": "2018-03-31",
            "reportedCurrency": "USD",
            "grossProfit": "4584000000",
            "totalRevenue": "5030000000",
            "costOfRevenue": "446000000",
            "costofGoodsAndServicesSold": "1652000000",
            "operatingIncome": "183000000",
            "sellingGeneralAndAdministrative": "420000000",
            "researchAndDevelopment": "None",
            "operatingExpenses": "446000000",
            "investmentIncomeNet": "2000000",
            "netInterestIncome": "-96000000",
            "interestIncome": "None",
            "interestExpense": "96000000",
            "nonInterestIncome": "2563000000",
            "otherNonOperatingIncome": "-4000000",
            "depreciation": "None",
            "depreciationAndAmortization": "282000000",
            "incomeBeforeTax": "88000000",
            "incomeTaxExpense": "19000000",
            "interestAndDebtExpense": "96000000",
            "netIncomeFromContinuingOperations": "73000000",
            "comprehensiveIncomeNetOfTax": "274000000",
            "ebit": "184000000",
            "ebitda": "466000000",
            "netIncome": "69000000"
        }
    ]
}