{
    "symbol": "LKQ",
    "annualReports": [
        {
            "fiscalDateEnding": "2022-12-31",
            "reportedCurrency": "USD",
            "grossProfit": "5223000000",
            "totalRevenue": "12794000000",
            "costOfRevenue": "7571000000",
            "costofGoodsAndServicesSold": "7571000000",
            "operatingIncome": "1581000000",
            "sellingGeneralAndAdministrative": "3544000000",
            "researchAndDevelopment": "None",
            "operatingExpenses": "3636000000",
            "investmentIncomeNet": "None",
            "netInterestIncome": "78000000",
            "interestIncome": "15000000",
            "interestExpense": "-78000000",
            "nonInterestIncome": "153000000",
            "otherNonOperatingIncome": "15000000",
            "depreciation": "169000000",
            "depreciationAndAmortization": "237000000",
            "incomeBeforeTax": "1534000000",
            "incomeTaxExpense": "385000000",
            "interestAndDebtExpense": "-78000000",
            "netIncomeFromContinuingOperations": "1143000000",
            "comprehensiveIncomeNetOfTax": "979000000",
            "ebit": "1456000000",
            "ebitda": "1693000000",
            "netIncome": "1149000000"
        },
        {
            "fiscalDateEnding": "2021-12-31",
            "reportedCurrency": "USD",
            "grossProfit": "5322000000",
            "totalRevenue": "13089000000",
            "costOfRevenue": "7767000000",
            "costofGoodsAndServicesSold": "7767000000",
            "operatingIncome": "1474000000",
            "sellingGeneralAndAdministrative": "3568000000",
            "researchAndDevelopment": "None",
            "operatingExpenses": "3825670000",
            "investmentIncomeNet": "None",
            "netInterestIncome": "-72078000",
            "interestIncome": "-144078000",
            "interestExpense": "-72000000",
            "nonInterestIncome": "-26831000",
            "otherNonOperatingIncome": "21000000",
            "depreciation": "180000000",
            "depreciationAndAmortization": "260000000",
            "incomeBeforeTax": "1422000000",
            "incomeTaxExpense": "331000000",
            "interestAndDebtExpense": "95642000",
            "netIncomeFromContinuingOperations": "1090000000",
            "comprehensiveIncomeNetOfTax": "1037000000",
            "ebit": "1350000000",
            "ebitda": "1610000000",
            "netIncome": "1091000000"
        },
        {
            "fiscalDateEnding": "2020-12-31",
            "reportedCurrency": "USD",
            "grossProfit": "4593000000",
            "totalRevenue": "11629000000",
            "costOfRevenue": "7036000000",
            "costofGoodsAndServicesSold": "7036000000",
            "operatingIncome": "986000000",
            "sellingGeneralAndAdministrative": "3266000000",
            "researchAndDevelopment": "None",
            "operatingExpenses": "3580011000",
            "investmentIncomeNet": "None",
            "netInterestIncome": "-103784000",
            "interestIncome": "-207784000",
            "interestExpense": "-104000000",
            "nonInterestIncome": "-8686000",
            "otherNonOperatingIncome": "16000000",
            "depreciation": "180000000",
            "depreciationAndAmortization": "272000000",
            "incomeBeforeTax": "888000000",
            "incomeTaxExpense": "250000000",
            "interestAndDebtExpense": "116535000",
            "netIncomeFromContinuingOperations": "638000000",
            "comprehensiveIncomeNetOfTax": "740000000",
            "ebit": "784000000",
            "ebitda": "1056000000",
            "netIncome": "638000000"
        },
        {
            "fiscalDateEnding": "2019-12-31",
            "reportedCurrency": "USD",
            "grossProfit": "4851794000",
            "totalRevenue": "12506109000",
            "costOfRevenue": "7654315000",
            "costofGoodsAndServicesSold": "7654315000",
            "operatingIncome": "896643000",
            "sellingGeneralAndAdministrative": "3580300000",
            "researchAndDevelopment": "None",
            "operatingExpenses": "3919794000",
            "investmentIncomeNet": "None",
            "netInterestIncome": "-138504000",
            "interestIncome": "32755000",
            "interestExpense": "138504000",
            "nonInterestIncome": "128000",
            "otherNonOperatingIncome": "32755000",
            "depreciation": "174000000",
            "depreciationAndAmortization": "290770000",
            "incomeBeforeTax": "756590000",
            "incomeTaxExpense": "215330000",
            "interestAndDebtExpense": "138504000",
            "netIncomeFromContinuingOperations": "540615000",
            "comprehensiveIncomeNetOfTax": "515325000",
            "ebit": "895094000",
            "ebitda": "1185864000",
            "netIncome": "541260000"
        },
        {
            "fiscalDateEnding": "2018-12-31",
            "reportedCurrency": "USD",
            "grossProfit": "4574857000",
            "totalRevenue": "11876674000",
            "costOfRevenue": "7301817000",
            "costofGoodsAndServicesSold": "7301817000",
            "operatingIncome": "882241000",
            "sellingGeneralAndAdministrative": "3352731000",
            "researchAndDevelopment": "None",
            "operatingExpenses": "3749157000",
            "investmentIncomeNet": "None",
            "netInterestIncome": "-146377000",
            "interestIncome": "6499000",
            "interestExpense": "146377000",
            "nonInterestIncome": "-1350000",
            "otherNonOperatingIncome": "8917000",
            "depreciation": "157000000",
            "depreciationAndAmortization": "274213000",
            "incomeBeforeTax": "671513000",
            "incomeTaxExpense": "191395000",
            "interestAndDebtExpense": "146377000",
            "netIncomeFromContinuingOperations": "484515000",
            "comprehensiveIncomeNetOfTax": "370299000",
            "ebit": "817890000",
            "ebitda": "1092103000",
            "netIncome": "480118000"
        }
    ],
    "quarterlyReports": [
        {
            "fiscalDateEnding": "2022-12-31",
            "reportedCurrency": "USD",
            "grossProfit": "1223000000",
            "totalRevenue": "3001000000",
            "costOfRevenue": "1778000000",
            "costofGoodsAndServicesSold": "1778000000",
            "operatingIncome": "293000000",
            "sellingGeneralAndAdministrative": "861000000",
            "researchAndDevelopment": "None",
            "operatingExpenses": "938000000",
            "investmentIncomeNet": "None",
            "netInterestIncome": "-17000000",
            "interestIncome": "6000000",
            "interestExpense": "32000000",
            "nonInterestIncome": "-6000000",
            "otherNonOperatingIncome": "11000000",
            "depreciation": "150000000",
            "depreciationAndAmortization": "59000000",
            "incomeBeforeTax": "275000000",
            "incomeTaxExpense": "81000000",
            "interestAndDebtExpense": "-78000000",
            "netIncomeFromContinuingOperations": "193000000",
            "comprehensiveIncomeNetOfTax": "410000000",
            "ebit": "293000000",
            "ebitda": "352000000",
            "netIncome": "194000000"
        },
        {
            "fiscalDateEnding": "2022-09-30",
            "reportedCurrency": "USD",
            "grossProfit": "1276000000",
            "totalRevenue": "3104000000",
            "costOfRevenue": "1828000000",
            "costofGoodsAndServicesSold": "1828000000",
            "operatingIncome": "358000000",
            "sellingGeneralAndAdministrative": "861000000",
            "researchAndDevelopment": "None",
            "operatingExpenses": "916000000",
            "investmentIncomeNet": "None",
            "netInterestIncome": "-17000000",
            "interestIncome": "None",
            "interestExpense": "17000000",
            "nonInterestIncome": "4000000",
            "otherNonOperatingIncome": "6000000",
            "depreciation": "6000000",
            "depreciationAndAmortization": "58000000",
            "incomeBeforeTax": "350000000",
            "incomeTaxExpense": "88000000",
            "interestAndDebtExpense": "0",
            "netIncomeFromContinuingOperations": "261000000",
            "comprehensiveIncomeNetOfTax": "78000000",
            "ebit": "358000000",
            "ebitda": "416000000",
            "netIncome": "262000000"
        },
        {
            "fiscalDateEnding": "2022-06-30",
            "reportedCurrency": "USD",
            "grossProfit": "1367000000",
            "totalRevenue": "3341000000",
            "costOfRevenue": "1974000000",
            "costofGoodsAndServicesSold": "1974000000",
            "operatingIncome": "559000000",
            "sellingGeneralAndAdministrative": "898000000",
            "researchAndDevelopment": "None",
            "operatingExpenses": "804000000",
            "investmentIncomeNet": "None",
            "netInterestIncome": "-14000000",
            "interestIncome": "None",
            "interestExpense": "14000000",
            "nonInterestIncome": "155000000",
            "otherNonOperatingIncome": "-2000000",
            "depreciation": "7000000",
            "depreciationAndAmortization": "61000000",
            "incomeBeforeTax": "547000000",
            "incomeTaxExpense": "127000000",
            "interestAndDebtExpense": "0",
            "netIncomeFromContinuingOperations": "420000000",
            "comprehensiveIncomeNetOfTax": "271000000",
            "ebit": "559000000",
            "ebitda": "620000000",
            "netIncome": "420000000"
        },
        {
            "fiscalDateEnding": "2022-03-31",
            "reportedCurrency": "USD",
            "grossProfit": "1357000000",
            "totalRevenue": "3348000000",
            "costOfRevenue": "1991000000",
            "costofGoodsAndServicesSold": "1991000000",
            "operatingIncome": "371000000",
            "sellingGeneralAndAdministrative": "924000000",
            "researchAndDevelopment": "None",
            "operatingExpenses": "978000000",
            "investmentIncomeNet": "None",
            "netInterestIncome": "-15000000",
            "interestIncome": "None",
            "interestExpense": "15000000",
            "nonInterestIncome": "0",
            "otherNonOperatingIncome": "0",
            "depreciation": "6000000",
            "depreciationAndAmortization": "59000000",
            "incomeBeforeTax": "362000000",
            "incomeTaxExpense": "89000000",
            "interestAndDebtExpense": "0",
            "netIncomeFromContinuingOperations": "269000000",
            "comprehensiveIncomeNetOfTax": "220000000",
            "ebit": "371000000",
            "ebitda": "430000000",
            "netIncome": "273000000"
        },
        {
            "fiscalDateEnding": "2021-12-31",
            "reportedCurrency": "USD",
            "grossProfit": "1269000000",
            "totalRevenue": "3186000000",
            "costOfRevenue": "1917000000",
            "costofGoodsAndServicesSold": "1917000000",
            "operatingIncome": "280000000",
            "sellingGeneralAndAdministrative": "920000000",
            "researchAndDevelopment": "None",
            "operatingExpenses": "-2000000",
            "investmentIncomeNet": "None",
            "netInterestIncome": "-9312000",
            "interestIncome": "6096000",
            "interestExpense": "16949000",
            "nonInterestIncome": "-3267000",
            "otherNonOperatingIncome": "6000000",
            "depreciation": "162789000",
            "depreciationAndAmortization": "65000000",
            "incomeBeforeTax": "277000000",
            "incomeTaxExpense": "41000000",
            "interestAndDebtExpense": "72078000",
            "netIncomeFromContinuingOperations": "235000000",
            "comprehensiveIncomeNetOfTax": "232000000",
            "ebit": "280000000",
            "ebitda": "345000000",
            "netIncome": "236000000"
        },
        {
            "fiscalDateEnding": "2021-09-30",
            "reportedCurrency": "USD",
            "grossProfit": "1344000000",
            "totalRevenue": "3297000000",
            "costOfRevenue": "1953000000",
            "costofGoodsAndServicesSold": "1953000000",
            "operatingIncome": "378000000",
            "sellingGeneralAndAdministrative": "898000000",
            "researchAndDevelopment": "None",
            "operatingExpenses": "961891000",
            "investmentIncomeNet": "None",
            "netInterestIncome": "-15427000",
            "interestIncome": "None",
            "interestExpense": "15427000",
            "nonInterestIncome": "0",
            "otherNonOperatingIncome": "3000000",
            "depreciation": "5947000",
            "depreciationAndAmortization": "64000000",
            "incomeBeforeTax": "373000000",
            "incomeTaxExpense": "89000000",
            "interestAndDebtExpense": "0",
            "netIncomeFromContinuingOperations": "284000000",
            "comprehensiveIncomeNetOfTax": "236000000",
            "ebit": "378000000",
            "ebitda": "442000000",
            "netIncome": "284000000"
        },
        {
            "fiscalDateEnding": "2021-06-30",
            "reportedCurrency": "USD",
            "grossProfit": "1415000000",
            "totalRevenue": "3435000000",
            "costOfRevenue": "2020000000",
            "costofGoodsAndServicesSold": "2020000000",
            "operatingIncome": "445000000",
            "sellingGeneralAndAdministrative": "901000000",
            "researchAndDevelopment": "None",
            "operatingExpenses": "967563000",
            "investmentIncomeNet": "None",
            "netInterestIncome": "-16172000",
            "interestIncome": "None",
            "interestExpense": "16172000",
            "nonInterestIncome": "-23564000",
            "otherNonOperatingIncome": "6000000",
            "depreciation": "5649000",
            "depreciationAndAmortization": "65000000",
            "incomeBeforeTax": "413000000",
            "incomeTaxExpense": "108000000",
            "interestAndDebtExpense": "23564000",
            "netIncomeFromContinuingOperations": "305000000",
            "comprehensiveIncomeNetOfTax": "330000000",
            "ebit": "445000000",
            "ebitda": "510000000",
            "netIncome": "305000000"
        },
        {
            "fiscalDateEnding": "2021-03-31",
            "reportedCurrency": "USD",
            "grossProfit": "1294000000",
            "totalRevenue": "3171000000",
            "costOfRevenue": "1877000000",
            "costofGoodsAndServicesSold": "1877000000",
            "operatingIncome": "371000000",
            "sellingGeneralAndAdministrative": "849000000",
            "researchAndDevelopment": "None",
            "operatingExpenses": "916366000",
            "investmentIncomeNet": "None",
            "netInterestIncome": "-24179000",
            "interestIncome": "None",
            "interestExpense": "24179000",
            "nonInterestIncome": "0",
            "otherNonOperatingIncome": "6000000",
            "depreciation": "5615000",
            "depreciationAndAmortization": "66000000",
            "incomeBeforeTax": "359000000",
            "incomeTaxExpense": "93000000",
            "interestAndDebtExpense": "0",
            "netIncomeFromContinuingOperations": "266000000",
            "comprehensiveIncomeNetOfTax": "238800000",
            "ebit": "371000000",
            "ebitda": "437000000",
            "netIncome": "266000000"
        },
        {
            "fiscalDateEnding": "2020-12-31",
            "reportedCurrency": "USD",
            "grossProfit": "1169578000",
            "totalRevenue": "2954058000",
            "costOfRevenue": "1784480000",
            "costofGoodsAndServicesSold": "1784480000",
            "operatingIncome": "267696000",
            "sellingGeneralAndAdministrative": "814927000",
            "researchAndDevelopment": "None",
            "operatingExpenses": "898041000",
            "investmentIncomeNet": "None",
            "netInterestIncome": "-20406000",
            "interestIncome": "5026000",
            "interestExpense": "20027000",
            "nonInterestIncome": "4065000",
            "otherNonOperatingIncome": "6696000",
            "depreciation": "163838000",
            "depreciationAndAmortization": "72103000",
            "incomeBeforeTax": "249799000",
            "incomeTaxExpense": "69210000",
            "interestAndDebtExpense": "103784000",
            "netIncomeFromContinuingOperations": "179848000",
            "comprehensiveIncomeNetOfTax": "291426000",
            "ebit": "267696000",
            "ebitda": "339799000",
            "netIncome": "180589000"
        },
        {
            "fiscalDateEnding": "2020-09-30",
            "reportedCurrency": "USD",
            "grossProfit": "1198542000",
            "totalRevenue": "3047684000",
            "costOfRevenue": "1849142000",
            "costofGoodsAndServicesSold": "1849142000",
            "operatingIncome": "296002000",
            "sellingGeneralAndAdministrative": "813893000",
            "researchAndDevelopment": "None",
            "operatingExpenses": "890548000",
            "investmentIncomeNet": "None",
            "netInterestIncome": "-25182000",
            "interestIncome": "None",
            "interestExpense": "25182000",
            "nonInterestIncome": "0",
            "otherNonOperatingIncome": "-2492000",
            "depreciation": "7067000",
            "depreciationAndAmortization": "68655000",
            "incomeBeforeTax": "271993000",
            "incomeTaxExpense": "78510000",
            "interestAndDebtExpense": "0",
            "netIncomeFromContinuingOperations": "193483000",
            "comprehensiveIncomeNetOfTax": "263524000",
            "ebit": "296002000",
            "ebitda": "364657000",
            "netIncome": "193483000"
        },
        {
            "fiscalDateEnding": "2020-06-30",
            "reportedCurrency": "USD",
            "grossProfit": "1011004000",
            "totalRevenue": "2626323000",
            "costOfRevenue": "1615319000",
            "costofGoodsAndServicesSold": "1615319000",
            "operatingIncome": "180453000",
            "sellingGeneralAndAdministrative": "737369000",
            "researchAndDevelopment": "None",
            "operatingExpenses": "803116000",
            "investmentIncomeNet": "None",
            "netInterestIncome": "-25616000",
            "interestIncome": "None",
            "interestExpense": "25616000",
            "nonInterestIncome": "0",
            "otherNonOperatingIncome": "8174000",
            "depreciation": "4010000",
            "depreciationAndAmortization": "65747000",
            "incomeBeforeTax": "160661000",
            "incomeTaxExpense": "41869000",
            "interestAndDebtExpense": "0",
            "netIncomeFromContinuingOperations": "118515000",
            "comprehensiveIncomeNetOfTax": "152932000",
            "ebit": "180453000",
            "ebitda": "246200000",
            "netIncome": "118792000"
        },
        {
            "fiscalDateEnding": "2020-03-31",
            "reportedCurrency": "USD",
            "grossProfit": "1213876000",
            "totalRevenue": "3000935000",
            "costOfRevenue": "1787059000",
            "costofGoodsAndServicesSold": "1787059000",
            "operatingIncome": "241849000",
            "sellingGeneralAndAdministrative": "899811000",
            "researchAndDevelopment": "None",
            "operatingExpenses": "965306000",
            "investmentIncomeNet": "None",
            "netInterestIncome": "-25931000",
            "interestIncome": "25931000",
            "interestExpense": "25931000",
            "nonInterestIncome": "-12751000",
            "otherNonOperatingIncome": "3622000",
            "depreciation": "5085000",
            "depreciationAndAmortization": "65495000",
            "incomeBeforeTax": "205547000",
            "incomeTaxExpense": "60411000",
            "interestAndDebtExpense": "12751000",
            "netIncomeFromContinuingOperations": "146154000",
            "comprehensiveIncomeNetOfTax": "32118000",
            "ebit": "241849000",
            "ebitda": "307344000",
            "netIncome": "145136000"
        },
        {
            "fiscalDateEnding": "2019-12-31",
            "reportedCurrency": "USD",
            "grossProfit": "1196014000",
            "totalRevenue": "3009860000",
            "costOfRevenue": "1813846000",
            "costofGoodsAndServicesSold": "1813846000",
            "operatingIncome": "206768000",
            "sellingGeneralAndAdministrative": "893276000",
            "researchAndDevelopment": "None",
            "operatingExpenses": "2000000",
            "investmentIncomeNet": "None",
            "netInterestIncome": "-1800000",
            "interestIncome": "15845000",
            "interestExpense": "34555000",
            "nonInterestIncome": "0",
            "otherNonOperatingIncome": "17232000",
            "depreciation": "158252000",
            "depreciationAndAmortization": "77421000",
            "incomeBeforeTax": "190596000",
            "incomeTaxExpense": "50208000",
            "interestAndDebtExpense": "138632000",
            "netIncomeFromContinuingOperations": "140354000",
            "comprehensiveIncomeNetOfTax": "200249000",
            "ebit": "206768000",
            "ebitda": "284189000",
            "netIncome": "140388000"
        },
        {
            "fiscalDateEnding": "2019-09-30",
            "reportedCurrency": "USD",
            "grossProfit": "1200329000",
            "totalRevenue": "3147773000",
            "costOfRevenue": "1947444000",
            "costofGoodsAndServicesSold": "1947444000",
            "operatingIncome": "231364000",
            "sellingGeneralAndAdministrative": "892124000",
            "researchAndDevelopment": "None",
            "operatingExpenses": "962036000",
            "investmentIncomeNet": "None",
            "netInterestIncome": "-31976000",
            "interestIncome": "31976000",
            "interestExpense": "31976000",
            "nonInterestIncome": "128000",
            "otherNonOperatingIncome": "5939000",
            "depreciation": "5223000",
            "depreciationAndAmortization": "71513000",
            "incomeBeforeTax": "210010000",
            "incomeTaxExpense": "57747000",
            "interestAndDebtExpense": "-128000",
            "netIncomeFromContinuingOperations": "151858000",
            "comprehensiveIncomeNetOfTax": "80070000",
            "ebit": "231364000",
            "ebitda": "302877000",
            "netIncome": "152263000"
        },
        {
            "fiscalDateEnding": "2019-06-30",
            "reportedCurrency": "USD",
            "grossProfit": "1247187000",
            "totalRevenue": "3248173000",
            "costOfRevenue": "2000986000",
            "costofGoodsAndServicesSold": "2000986000",
            "operatingIncome": "236111000",
            "sellingGeneralAndAdministrative": "898368000",
            "researchAndDevelopment": "None",
            "operatingExpenses": "1002699000",
            "investmentIncomeNet": "None",
            "netInterestIncome": "-35884000",
            "interestIncome": "35884000",
            "interestExpense": "35884000",
            "nonInterestIncome": "0",
            "otherNonOperatingIncome": "5733000",
            "depreciation": "5320000",
            "depreciationAndAmortization": "70834000",
            "incomeBeforeTax": "206386000",
            "incomeTaxExpense": "55825000",
            "interestAndDebtExpense": "0",
            "netIncomeFromContinuingOperations": "150355000",
            "comprehensiveIncomeNetOfTax": "152862000",
            "ebit": "236111000",
            "ebitda": "306945000",
            "netIncome": "150561000"
        },
        {
            "fiscalDateEnding": "2019-03-31",
            "reportedCurrency": "USD",
            "grossProfit": "1208264000",
            "totalRevenue": "3100303000",
            "costOfRevenue": "1892039000",
            "costofGoodsAndServicesSold": "1892039000",
            "operatingIncome": "222400000",
            "sellingGeneralAndAdministrative": "896532000",
            "researchAndDevelopment": "None",
            "operatingExpenses": "1022108000",
            "investmentIncomeNet": "None",
            "netInterestIncome": "-36089000",
            "interestIncome": "36089000",
            "interestExpense": "36089000",
            "nonInterestIncome": "0",
            "otherNonOperatingIncome": "3851000",
            "depreciation": "5205000",
            "depreciationAndAmortization": "71002000",
            "incomeBeforeTax": "149598000",
            "incomeTaxExpense": "51550000",
            "interestAndDebtExpense": "0",
            "netIncomeFromContinuingOperations": "98048000",
            "comprehensiveIncomeNetOfTax": "82144000",
            "ebit": "222400000",
            "ebitda": "293402000",
            "netIncome": "98048000"
        },
        {
            "fiscalDateEnding": "2018-12-31",
            "reportedCurrency": "USD",
            "grossProfit": "1161809000",
            "totalRevenue": "3002781000",
            "costOfRevenue": "1840972000",
            "costofGoodsAndServicesSold": "1840972000",
            "operatingIncome": "164146000",
            "sellingGeneralAndAdministrative": "880646000",
            "researchAndDevelopment": "None",
            "operatingExpenses": "33000000",
            "investmentIncomeNet": "None",
            "netInterestIncome": "None",
            "interestIncome": "None",
            "interestExpense": "38730000",
            "nonInterestIncome": "None",
            "otherNonOperatingIncome": "-497000",
            "depreciation": "42000000",
            "depreciationAndAmortization": "77891000",
            "incomeBeforeTax": "71017000",
            "incomeTaxExpense": "34968000",
            "interestAndDebtExpense": "38730000",
            "netIncomeFromContinuingOperations": "40446000",
            "comprehensiveIncomeNetOfTax": "-4110000",
            "ebit": "164146000",
            "ebitda": "242037000",
            "netIncome": "36049000"
        },
        {
            "fiscalDateEnding": "2018-09-30",
            "reportedCurrency": "USD",
            "grossProfit": "1197198000",
            "totalRevenue": "3122378000",
            "costOfRevenue": "1925180000",
            "costofGoodsAndServicesSold": "1925180000",
            "operatingIncome": "234733000",
            "sellingGeneralAndAdministrative": "879150000",
            "researchAndDevelopment": "None",
            "operatingExpenses": "956851000",
            "investmentIncomeNet": "None",
            "netInterestIncome": "None",
            "interestIncome": "None",
            "interestExpense": "40860000",
            "nonInterestIncome": "None",
            "otherNonOperatingIncome": "6959000",
            "depreciation": "39000000",
            "depreciationAndAmortization": "76701000",
            "incomeBeforeTax": "180170000",
            "incomeTaxExpense": "46068000",
            "interestAndDebtExpense": "40860000",
            "netIncomeFromContinuingOperations": "134102000",
            "comprehensiveIncomeNetOfTax": "115372000",
            "ebit": "234733000",
            "ebitda": "311434000",
            "netIncome": "134102000"
        },
        {
            "fiscalDateEnding": "2018-06-30",
            "reportedCurrency": "USD",
            "grossProfit": "1161879000",
            "totalRevenue": "3030751000",
            "costOfRevenue": "1868872000",
            "costofGoodsAndServicesSold": "1868872000",
            "operatingIncome": "256794000",
            "sellingGeneralAndAdministrative": "826044000",
            "researchAndDevelopment": "None",
            "operatingExpenses": "905645000",
            "investmentIncomeNet": "None",
            "netInterestIncome": "None",
            "interestIncome": "None",
            "interestExpense": "38272000",
            "nonInterestIncome": "None",
            "otherNonOperatingIncome": "-427000",
            "depreciation": "39000000",
            "depreciationAndAmortization": "63163000",
            "incomeBeforeTax": "217782000",
            "incomeTaxExpense": "60775000",
            "interestAndDebtExpense": "38272000",
            "netIncomeFromContinuingOperations": "157007000",
            "comprehensiveIncomeNetOfTax": "55564000",
            "ebit": "256794000",
            "ebitda": "319957000",
            "netIncome": "157007000"
        },
        {
            "fiscalDateEnding": "2018-03-31",
            "reportedCurrency": "USD",
            "grossProfit": "1053971000",
            "totalRevenue": "2720764000",
            "costOfRevenue": "1666793000",
            "costofGoodsAndServicesSold": "1666793000",
            "operatingIncome": "226568000",
            "sellingGeneralAndAdministrative": "766891000",
            "researchAndDevelopment": "None",
            "operatingExpenses": "823349000",
            "investmentIncomeNet": "None",
            "netInterestIncome": "None",
            "interestIncome": "None",
            "interestExpense": "28515000",
            "nonInterestIncome": "None",
            "otherNonOperatingIncome": "2882000",
            "depreciation": "37000000",
            "depreciationAndAmortization": "56458000",
            "incomeBeforeTax": "202544000",
            "incomeTaxExpense": "49584000",
            "interestAndDebtExpense": "28515000",
            "netIncomeFromContinuingOperations": "152960000",
            "comprehensiveIncomeNetOfTax": "203473000",
            "ebit": "226568000",
            "ebitda": "283026000",
            "netIncome": "152960000"
        }
    ]
}