{
    "symbol": "LYV",
    "annualReports": [
        {
            "fiscalDateEnding": "2022-12-31",
            "reportedCurrency": "USD",
            "grossProfit": "869792000",
            "totalRevenue": "16681254000",
            "costOfRevenue": "15811462000",
            "costofGoodsAndServicesSold": "12337524000",
            "operatingIncome": "732118000",
            "sellingGeneralAndAdministrative": "2955884000",
            "researchAndDevelopment": "None",
            "operatingExpenses": "3709502000",
            "investmentIncomeNet": "77620000",
            "netInterestIncome": "-278483000",
            "interestIncome": "77620000",
            "interestExpense": "278483000",
            "nonInterestIncome": "87882000",
            "otherNonOperatingIncome": "-36827000",
            "depreciation": "225770000",
            "depreciationAndAmortization": "449976000",
            "incomeBeforeTax": "392240000",
            "incomeTaxExpense": "96254000",
            "interestAndDebtExpense": "278483000",
            "netIncomeFromContinuingOperations": "409193000",
            "comprehensiveIncomeNetOfTax": "353874000",
            "ebit": "670723000",
            "ebitda": "1120699000",
            "netIncome": "295986000"
        },
        {
            "fiscalDateEnding": "2021-12-31",
            "reportedCurrency": "USD",
            "grossProfit": "-227088000",
            "totalRevenue": "6268447000",
            "costOfRevenue": "6527088000",
            "costofGoodsAndServicesSold": "4355989000",
            "operatingIncome": "-417858000",
            "sellingGeneralAndAdministrative": "1754822000",
            "researchAndDevelopment": "None",
            "operatingExpenses": "2215290000",
            "investmentIncomeNet": "6625000",
            "netInterestIncome": "-282440000",
            "interestIncome": "6625000",
            "interestExpense": "282440000",
            "nonInterestIncome": "21811000",
            "otherNonOperatingIncome": "-3692000",
            "depreciation": "222840000",
            "depreciationAndAmortization": "416277000",
            "incomeBeforeTax": "-653385000",
            "incomeTaxExpense": "-2481000",
            "interestAndDebtExpense": "282440000",
            "netIncomeFromContinuingOperations": "-608786000",
            "comprehensiveIncomeNetOfTax": "-621859000",
            "ebit": "-370945000",
            "ebitda": "45332000",
            "netIncome": "-650904000"
        },
        {
            "fiscalDateEnding": "2020-12-31",
            "reportedCurrency": "USD",
            "grossProfit": "-1574189000",
            "totalRevenue": "1861178000",
            "costOfRevenue": "3435367000",
            "costofGoodsAndServicesSold": "1402400000",
            "operatingIncome": "-1653192000",
            "sellingGeneralAndAdministrative": "1524342000",
            "researchAndDevelopment": "None",
            "operatingExpenses": "2052946000",
            "investmentIncomeNet": "11737000",
            "netInterestIncome": "-226832000",
            "interestIncome": "11737000",
            "interestExpense": "226832000",
            "nonInterestIncome": "8497000",
            "otherNonOperatingIncome": "18807000",
            "depreciation": "245713000",
            "depreciationAndAmortization": "485025000",
            "incomeBeforeTax": "-1753410000",
            "incomeTaxExpense": "-28875000",
            "interestAndDebtExpense": "226832000",
            "netIncomeFromContinuingOperations": "-1827790000",
            "comprehensiveIncomeNetOfTax": "-1755831000",
            "ebit": "-1526578000",
            "ebitda": "-1041553000",
            "netIncome": "-1724535000"
        },
        {
            "fiscalDateEnding": "2019-12-31",
            "reportedCurrency": "USD",
            "grossProfit": "464510000",
            "totalRevenue": "11547969000",
            "costOfRevenue": "11083459000",
            "costofGoodsAndServicesSold": "8467182000",
            "operatingIncome": "324844000",
            "sellingGeneralAndAdministrative": "2145486000",
            "researchAndDevelopment": "None",
            "operatingExpenses": "2810669000",
            "investmentIncomeNet": "14406000",
            "netInterestIncome": "-157521000",
            "interestIncome": "137658000",
            "interestExpense": "157521000",
            "nonInterestIncome": "5573000",
            "otherNonOperatingIncome": "-3201000",
            "depreciation": "220459000",
            "depreciationAndAmortization": "443991000",
            "incomeBeforeTax": "136781000",
            "incomeTaxExpense": "66892000",
            "interestAndDebtExpense": "157521000",
            "netIncomeFromContinuingOperations": "118212000",
            "comprehensiveIncomeNetOfTax": "69407000",
            "ebit": "294302000",
            "ebitda": "738293000",
            "netIncome": "69889000"
        },
        {
            "fiscalDateEnding": "2018-12-31",
            "reportedCurrency": "USD",
            "grossProfit": "425811000",
            "totalRevenue": "10787800000",
            "costOfRevenue": "10361989000",
            "costofGoodsAndServicesSold": "7967932000",
            "operatingIncome": "272536000",
            "sellingGeneralAndAdministrative": "1997028000",
            "researchAndDevelopment": "None",
            "operatingExpenses": "2584153000",
            "investmentIncomeNet": "8961000",
            "netInterestIncome": "-138505000",
            "interestIncome": "2471000",
            "interestExpense": "140976000",
            "nonInterestIncome": "-24440000",
            "otherNonOperatingIncome": "-12163000",
            "depreciation": "185376000",
            "depreciationAndAmortization": "386529000",
            "incomeBeforeTax": "101014000",
            "incomeTaxExpense": "40765000",
            "interestAndDebtExpense": "140976000",
            "netIncomeFromContinuingOperations": "90340000",
            "comprehensiveIncomeNetOfTax": "23560000",
            "ebit": "241990000",
            "ebitda": "628519000",
            "netIncome": "60249000"
        }
    ],
    "quarterlyReports": [
        {
            "fiscalDateEnding": "2022-12-31",
            "reportedCurrency": "USD",
            "grossProfit": "-78923000",
            "totalRevenue": "4290737000",
            "costOfRevenue": "4369660000",
            "costofGoodsAndServicesSold": "3291631000",
            "operatingIncome": "-119890000",
            "sellingGeneralAndAdministrative": "907579000",
            "researchAndDevelopment": "None",
            "operatingExpenses": "1147035000",
            "investmentIncomeNet": "31055000",
            "netInterestIncome": "-72761000",
            "interestIncome": "31055000",
            "interestExpense": "72761000",
            "nonInterestIncome": "55327000",
            "otherNonOperatingIncome": "-13981000",
            "depreciation": "62827000",
            "depreciationAndAmortization": "131487000",
            "incomeBeforeTax": "-192369000",
            "incomeTaxExpense": "10665000",
            "interestAndDebtExpense": "72761000",
            "netIncomeFromContinuingOperations": "-167631000",
            "comprehensiveIncomeNetOfTax": "-139227000",
            "ebit": "-119608000",
            "ebitda": "11879000",
            "netIncome": "-203034000"
        },
        {
            "fiscalDateEnding": "2022-09-30",
            "reportedCurrency": "USD",
            "grossProfit": "530189000",
            "totalRevenue": "6153535000",
            "costOfRevenue": "5623346000",
            "costofGoodsAndServicesSold": "4707848000",
            "operatingIncome": "506249000",
            "sellingGeneralAndAdministrative": "805910000",
            "researchAndDevelopment": "None",
            "operatingExpenses": "946933000",
            "investmentIncomeNet": "25809000",
            "netInterestIncome": "-70514000",
            "interestIncome": "25809000",
            "interestExpense": "70514000",
            "nonInterestIncome": "35285000",
            "otherNonOperatingIncome": "-7960000",
            "depreciation": "48824000",
            "depreciationAndAmortization": "102093000",
            "incomeBeforeTax": "403300000",
            "incomeTaxExpense": "41898000",
            "interestAndDebtExpense": "70514000",
            "netIncomeFromContinuingOperations": "397403000",
            "comprehensiveIncomeNetOfTax": "337090000",
            "ebit": "473814000",
            "ebitda": "575907000",
            "netIncome": "361402000"
        },
        {
            "fiscalDateEnding": "2022-06-30",
            "reportedCurrency": "USD",
            "grossProfit": "369468000",
            "totalRevenue": "4434174000",
            "costOfRevenue": "4064706000",
            "costofGoodsAndServicesSold": "3267023000",
            "operatingIncome": "318699000",
            "sellingGeneralAndAdministrative": "672213000",
            "researchAndDevelopment": "None",
            "operatingExpenses": "857995000",
            "investmentIncomeNet": "13192000",
            "netInterestIncome": "-68435000",
            "interestIncome": "13192000",
            "interestExpense": "68435000",
            "nonInterestIncome": "-1065000",
            "otherNonOperatingIncome": "-5619000",
            "depreciation": "63359000",
            "depreciationAndAmortization": "115927000",
            "incomeBeforeTax": "219795000",
            "incomeTaxExpense": "31995000",
            "interestAndDebtExpense": "68435000",
            "netIncomeFromContinuingOperations": "228377000",
            "comprehensiveIncomeNetOfTax": "142570000",
            "ebit": "288230000",
            "ebitda": "404157000",
            "netIncome": "187800000"
        },
        {
            "fiscalDateEnding": "2022-03-31",
            "reportedCurrency": "USD",
            "grossProfit": "61135000",
            "totalRevenue": "1802808000",
            "costOfRevenue": "1741673000",
            "costofGoodsAndServicesSold": "1071022000",
            "operatingIncome": "27060000",
            "sellingGeneralAndAdministrative": "570182000",
            "researchAndDevelopment": "None",
            "operatingExpenses": "704726000",
            "investmentIncomeNet": "7564000",
            "netInterestIncome": "-66773000",
            "interestIncome": "7564000",
            "interestExpense": "66773000",
            "nonInterestIncome": "-1665000",
            "otherNonOperatingIncome": "-9267000",
            "depreciation": "50760000",
            "depreciationAndAmortization": "100469000",
            "incomeBeforeTax": "-38486000",
            "incomeTaxExpense": "11696000",
            "interestAndDebtExpense": "66773000",
            "netIncomeFromContinuingOperations": "-48956000",
            "comprehensiveIncomeNetOfTax": "13441000",
            "ebit": "28287000",
            "ebitda": "128756000",
            "netIncome": "-50182000"
        },
        {
            "fiscalDateEnding": "2021-12-31",
            "reportedCurrency": "USD",
            "grossProfit": "-32933000",
            "totalRevenue": "2703170000",
            "costOfRevenue": "2767656000",
            "costofGoodsAndServicesSold": "2008991000",
            "operatingIncome": "-124546000",
            "sellingGeneralAndAdministrative": "656146000",
            "researchAndDevelopment": "None",
            "operatingExpenses": "717705000",
            "investmentIncomeNet": "2672000",
            "netInterestIncome": "-72294000",
            "interestIncome": "2672000",
            "interestExpense": "72294000",
            "nonInterestIncome": "20773000",
            "otherNonOperatingIncome": "16211000",
            "depreciation": "55670000",
            "depreciationAndAmortization": "102519000",
            "incomeBeforeTax": "-212500000",
            "incomeTaxExpense": "-17576000",
            "interestAndDebtExpense": "72294000",
            "netIncomeFromContinuingOperations": "-162471000",
            "comprehensiveIncomeNetOfTax": "-171891000",
            "ebit": "-140206000",
            "ebitda": "-37687000",
            "netIncome": "-194924000"
        },
        {
            "fiscalDateEnding": "2021-09-30",
            "reportedCurrency": "USD",
            "grossProfit": "180646000",
            "totalRevenue": "2698722000",
            "costOfRevenue": "2518076000",
            "costofGoodsAndServicesSold": "1969912000",
            "operatingIncome": "137145000",
            "sellingGeneralAndAdministrative": "446929000",
            "researchAndDevelopment": "None",
            "operatingExpenses": "591665000",
            "investmentIncomeNet": "1333000",
            "netInterestIncome": "-70407000",
            "interestIncome": "1333000",
            "interestExpense": "70407000",
            "nonInterestIncome": "1148000",
            "otherNonOperatingIncome": "-12441000",
            "depreciation": "55306000",
            "depreciationAndAmortization": "101235000",
            "incomeBeforeTax": "53299000",
            "incomeTaxExpense": "6421000",
            "interestAndDebtExpense": "70407000",
            "netIncomeFromContinuingOperations": "86867000",
            "comprehensiveIncomeNetOfTax": "37713000",
            "ebit": "123706000",
            "ebitda": "224941000",
            "netIncome": "46878000"
        },
        {
            "fiscalDateEnding": "2021-06-30",
            "reportedCurrency": "USD",
            "grossProfit": "-99715000",
            "totalRevenue": "575946000",
            "costOfRevenue": "675661000",
            "costofGoodsAndServicesSold": "243120000",
            "operatingIncome": "-127285000",
            "sellingGeneralAndAdministrative": "328894000",
            "researchAndDevelopment": "None",
            "operatingExpenses": "460111000",
            "investmentIncomeNet": "1471000",
            "netInterestIncome": "-68909000",
            "interestIncome": "70436000",
            "interestExpense": "68909000",
            "nonInterestIncome": "28000",
            "otherNonOperatingIncome": "-9461000",
            "depreciation": "54889000",
            "depreciationAndAmortization": "103647000",
            "incomeBeforeTax": "-193380000",
            "incomeTaxExpense": "2285000",
            "interestAndDebtExpense": "68909000",
            "netIncomeFromContinuingOperations": "-210460000",
            "comprehensiveIncomeNetOfTax": "-184281000",
            "ebit": "-124471000",
            "ebitda": "-20824000",
            "netIncome": "-195665000"
        },
        {
            "fiscalDateEnding": "2021-03-31",
            "reportedCurrency": "USD",
            "grossProfit": "-275095000",
            "totalRevenue": "290609000",
            "costOfRevenue": "565695000",
            "costofGoodsAndServicesSold": "133966000",
            "operatingIncome": "-303172000",
            "sellingGeneralAndAdministrative": "322853000",
            "researchAndDevelopment": "None",
            "operatingExpenses": "459815000",
            "investmentIncomeNet": "1149000",
            "netInterestIncome": "-70830000",
            "interestIncome": "1149000",
            "interestExpense": "70830000",
            "nonInterestIncome": "-138000",
            "otherNonOperatingIncome": "6000",
            "depreciation": "56975000",
            "depreciationAndAmortization": "108876000",
            "incomeBeforeTax": "-300804000",
            "incomeTaxExpense": "6389000",
            "interestAndDebtExpense": "70830000",
            "netIncomeFromContinuingOperations": "-322722000",
            "comprehensiveIncomeNetOfTax": "-303400000",
            "ebit": "-229974000",
            "ebitda": "-121098000",
            "netIncome": "-307193000"
        },
        {
            "fiscalDateEnding": "2020-12-31",
            "reportedCurrency": "USD",
            "grossProfit": "-340002000",
            "totalRevenue": "237383000",
            "costOfRevenue": "577385000",
            "costofGoodsAndServicesSold": "203274000",
            "operatingIncome": "-388014000",
            "sellingGeneralAndAdministrative": "281035000",
            "researchAndDevelopment": "None",
            "operatingExpenses": "299422000",
            "investmentIncomeNet": "2025000",
            "netInterestIncome": "-64051000",
            "interestIncome": "2025000",
            "interestExpense": "64051000",
            "nonInterestIncome": "9394000",
            "otherNonOperatingIncome": "9764000",
            "depreciation": "61322000",
            "depreciationAndAmortization": "120240000",
            "incomeBeforeTax": "-422790000",
            "incomeTaxExpense": "20542000",
            "interestAndDebtExpense": "64051000",
            "netIncomeFromContinuingOperations": "-463826000",
            "comprehensiveIncomeNetOfTax": "-398124000",
            "ebit": "-358739000",
            "ebitda": "-238499000",
            "netIncome": "-443332000"
        },
        {
            "fiscalDateEnding": "2020-09-30",
            "reportedCurrency": "USD",
            "grossProfit": "-472603000",
            "totalRevenue": "184018000",
            "costOfRevenue": "656621000",
            "costofGoodsAndServicesSold": "130749000",
            "operatingIncome": "-504441000",
            "sellingGeneralAndAdministrative": "405934000",
            "researchAndDevelopment": "None",
            "operatingExpenses": "557710000",
            "investmentIncomeNet": "2810000",
            "netInterestIncome": "-66093000",
            "interestIncome": "65898000",
            "interestExpense": "66093000",
            "nonInterestIncome": "-208000",
            "otherNonOperatingIncome": "8463000",
            "depreciation": "61566000",
            "depreciationAndAmortization": "119938000",
            "incomeBeforeTax": "-545806000",
            "incomeTaxExpense": "-16904000",
            "interestAndDebtExpense": "66093000",
            "netIncomeFromContinuingOperations": "-542458000",
            "comprehensiveIncomeNetOfTax": "-507314000",
            "ebit": "-479713000",
            "ebitda": "-359775000",
            "netIncome": "-528902000"
        },
        {
            "fiscalDateEnding": "2020-06-30",
            "reportedCurrency": "USD",
            "grossProfit": "-566576000",
            "totalRevenue": "74084000",
            "costOfRevenue": "640676000",
            "costofGoodsAndServicesSold": "194557000",
            "operatingIncome": "-588067000",
            "sellingGeneralAndAdministrative": "323352000",
            "researchAndDevelopment": "None",
            "operatingExpenses": "467594000",
            "investmentIncomeNet": "2429000",
            "netInterestIncome": "-52689000",
            "interestIncome": "2429000",
            "interestExpense": "52689000",
            "nonInterestIncome": "-559000",
            "otherNonOperatingIncome": "5208000",
            "depreciation": "64981000",
            "depreciationAndAmortization": "122767000",
            "incomeBeforeTax": "-596700000",
            "incomeTaxExpense": "-29183000",
            "interestAndDebtExpense": "52689000",
            "netIncomeFromContinuingOperations": "-610584000",
            "comprehensiveIncomeNetOfTax": "-551996000",
            "ebit": "-544011000",
            "ebitda": "-421244000",
            "netIncome": "-567517000"
        },
        {
            "fiscalDateEnding": "2020-03-31",
            "reportedCurrency": "USD",
            "grossProfit": "-154328000",
            "totalRevenue": "1365693000",
            "costOfRevenue": "1520021000",
            "costofGoodsAndServicesSold": "873820000",
            "operatingIncome": "-172670000",
            "sellingGeneralAndAdministrative": "514021000",
            "researchAndDevelopment": "None",
            "operatingExpenses": "674643000",
            "investmentIncomeNet": "4473000",
            "netInterestIncome": "-43999000",
            "interestIncome": "4473000",
            "interestExpense": "43999000",
            "nonInterestIncome": "-130000",
            "otherNonOperatingIncome": "-8183000",
            "depreciation": "57844000",
            "depreciationAndAmortization": "122080000",
            "incomeBeforeTax": "-188114000",
            "incomeTaxExpense": "-3330000",
            "interestAndDebtExpense": "43999000",
            "netIncomeFromContinuingOperations": "-210922000",
            "comprehensiveIncomeNetOfTax": "-298397000",
            "ebit": "-144115000",
            "ebitda": "-22035000",
            "netIncome": "-184784000"
        },
        {
            "fiscalDateEnding": "2019-12-31",
            "reportedCurrency": "USD",
            "grossProfit": "2889448000",
            "totalRevenue": "2889448000",
            "costOfRevenue": "2934686000",
            "costofGoodsAndServicesSold": "2187735000",
            "operatingIncome": "-82920000",
            "sellingGeneralAndAdministrative": "624576000",
            "researchAndDevelopment": "None",
            "operatingExpenses": "805574000",
            "investmentIncomeNet": "2177000",
            "netInterestIncome": "-47627000",
            "interestIncome": "46284000",
            "interestExpense": "47627000",
            "nonInterestIncome": "5020000",
            "otherNonOperatingIncome": "-1650000",
            "depreciation": "57455000",
            "depreciationAndAmortization": "114947000",
            "incomeBeforeTax": "-153043000",
            "incomeTaxExpense": "6904000",
            "interestAndDebtExpense": "47627000",
            "netIncomeFromContinuingOperations": "-82920000",
            "comprehensiveIncomeNetOfTax": "-124613000",
            "ebit": "-105416000",
            "ebitda": "9531000",
            "netIncome": "-159947000"
        },
        {
            "fiscalDateEnding": "2019-09-30",
            "reportedCurrency": "USD",
            "grossProfit": "304402000",
            "totalRevenue": "3773684000",
            "costOfRevenue": "3469282000",
            "costofGoodsAndServicesSold": "2800429000",
            "operatingIncome": "260041000",
            "sellingGeneralAndAdministrative": "542547000",
            "researchAndDevelopment": "None",
            "operatingExpenses": "713214000",
            "investmentIncomeNet": "5863000",
            "netInterestIncome": "-36587000",
            "interestIncome": "5863000",
            "interestExpense": "36587000",
            "nonInterestIncome": "305000",
            "otherNonOperatingIncome": "-5384000",
            "depreciation": "56989000",
            "depreciationAndAmortization": "126306000",
            "incomeBeforeTax": "206205000",
            "incomeTaxExpense": "27280000",
            "interestAndDebtExpense": "36587000",
            "netIncomeFromContinuingOperations": "193972000",
            "comprehensiveIncomeNetOfTax": "146669000",
            "ebit": "242792000",
            "ebitda": "369098000",
            "netIncome": "178925000"
        },
        {
            "fiscalDateEnding": "2019-06-30",
            "reportedCurrency": "USD",
            "grossProfit": "212272000",
            "totalRevenue": "3157009000",
            "costOfRevenue": "2944737000",
            "costofGoodsAndServicesSold": "2327414000",
            "operatingIncome": "171586000",
            "sellingGeneralAndAdministrative": "513497000",
            "researchAndDevelopment": "None",
            "operatingExpenses": "658009000",
            "investmentIncomeNet": "3818000",
            "netInterestIncome": "-36792000",
            "interestIncome": "3818000",
            "interestExpense": "36792000",
            "nonInterestIncome": "101000",
            "otherNonOperatingIncome": "430000",
            "depreciation": "54343000",
            "depreciationAndAmortization": "103826000",
            "incomeBeforeTax": "132105000",
            "incomeTaxExpense": "28750000",
            "interestAndDebtExpense": "36792000",
            "netIncomeFromContinuingOperations": "116120000",
            "comprehensiveIncomeNetOfTax": "102684000",
            "ebit": "168897000",
            "ebitda": "272723000",
            "netIncome": "103355000"
        },
        {
            "fiscalDateEnding": "2019-03-31",
            "reportedCurrency": "USD",
            "grossProfit": "12446000",
            "totalRevenue": "1727828000",
            "costOfRevenue": "1715382000",
            "costofGoodsAndServicesSold": "1151604000",
            "operatingIncome": "-23863000",
            "sellingGeneralAndAdministrative": "464866000",
            "researchAndDevelopment": "None",
            "operatingExpenses": "600087000",
            "investmentIncomeNet": "2548000",
            "netInterestIncome": "-36515000",
            "interestIncome": "30823000",
            "interestExpense": "36515000",
            "nonInterestIncome": "147000",
            "otherNonOperatingIncome": "3403000",
            "depreciation": "51672000",
            "depreciationAndAmortization": "98912000",
            "incomeBeforeTax": "-48486000",
            "incomeTaxExpense": "3958000",
            "interestAndDebtExpense": "36515000",
            "netIncomeFromContinuingOperations": "-55241000",
            "comprehensiveIncomeNetOfTax": "-55333000",
            "ebit": "-11971000",
            "ebitda": "86941000",
            "netIncome": "-52444000"
        },
        {
            "fiscalDateEnding": "2018-12-31",
            "reportedCurrency": "USD",
            "grossProfit": "2591355000",
            "totalRevenue": "2601855000",
            "costOfRevenue": "10500000",
            "costofGoodsAndServicesSold": "1976385000",
            "operatingIncome": "-90378000",
            "sellingGeneralAndAdministrative": "561325000",
            "researchAndDevelopment": "None",
            "operatingExpenses": "10500000",
            "investmentIncomeNet": "2813000",
            "netInterestIncome": "-36779000",
            "interestIncome": "1000",
            "interestExpense": "36780000",
            "nonInterestIncome": "-11476000",
            "otherNonOperatingIncome": "-5130000",
            "depreciation": "51658000",
            "depreciationAndAmortization": "109267000",
            "incomeBeforeTax": "-142836000",
            "incomeTaxExpense": "5051000",
            "interestAndDebtExpense": "36750000",
            "netIncomeFromContinuingOperations": "-90378000",
            "comprehensiveIncomeNetOfTax": "-158200000",
            "ebit": "-106056000",
            "ebitda": "3211000",
            "netIncome": "-147887000"
        },
        {
            "fiscalDateEnding": "2018-09-30",
            "reportedCurrency": "USD",
            "grossProfit": "286630000",
            "totalRevenue": "3835246000",
            "costOfRevenue": "3548616000",
            "costofGoodsAndServicesSold": "2924356000",
            "operatingIncome": "234219000",
            "sellingGeneralAndAdministrative": "524654000",
            "researchAndDevelopment": "None",
            "operatingExpenses": "676671000",
            "investmentIncomeNet": "2260000",
            "netInterestIncome": "-35993000",
            "interestIncome": "None",
            "interestExpense": "35993000",
            "nonInterestIncome": "-10318000",
            "otherNonOperatingIncome": "-262000",
            "depreciation": "48225000",
            "depreciationAndAmortization": "99606000",
            "incomeBeforeTax": "189714000",
            "incomeTaxExpense": "17031000",
            "interestAndDebtExpense": "35993000",
            "netIncomeFromContinuingOperations": "183197000",
            "comprehensiveIncomeNetOfTax": "163602000",
            "ebit": "225707000",
            "ebitda": "325313000",
            "netIncome": "172683000"
        },
        {
            "fiscalDateEnding": "2018-06-30",
            "reportedCurrency": "USD",
            "grossProfit": "166985000",
            "totalRevenue": "2868315000",
            "costOfRevenue": "2701330000",
            "costofGoodsAndServicesSold": "2135107000",
            "operatingIncome": "134725000",
            "sellingGeneralAndAdministrative": "476438000",
            "researchAndDevelopment": "None",
            "operatingExpenses": "598483000",
            "investmentIncomeNet": "2705000",
            "netInterestIncome": "-35992000",
            "interestIncome": "-473000",
            "interestExpense": "35519000",
            "nonInterestIncome": "365000",
            "otherNonOperatingIncome": "-6443000",
            "depreciation": "43356000",
            "depreciationAndAmortization": "89785000",
            "incomeBeforeTax": "81158000",
            "incomeTaxExpense": "11799000",
            "interestAndDebtExpense": "35519000",
            "netIncomeFromContinuingOperations": "83356000",
            "comprehensiveIncomeNetOfTax": "35802000",
            "ebit": "116677000",
            "ebitda": "206462000",
            "netIncome": "69359000"
        },
        {
            "fiscalDateEnding": "2018-03-31",
            "reportedCurrency": "USD",
            "grossProfit": "27818000",
            "totalRevenue": "1482384000",
            "costOfRevenue": "1454566000",
            "costofGoodsAndServicesSold": "932084000",
            "operatingIncome": "-6030000",
            "sellingGeneralAndAdministrative": "434611000",
            "researchAndDevelopment": "None",
            "operatingExpenses": "556330000",
            "investmentIncomeNet": "1183000",
            "netInterestIncome": "-29741000",
            "interestIncome": "2943000",
            "interestExpense": "32684000",
            "nonInterestIncome": "-2981000",
            "otherNonOperatingIncome": "-328000",
            "depreciation": "42137000",
            "depreciationAndAmortization": "87871000",
            "incomeBeforeTax": "-27022000",
            "incomeTaxExpense": "6884000",
            "interestAndDebtExpense": "32684000",
            "netIncomeFromContinuingOperations": "-41028000",
            "comprehensiveIncomeNetOfTax": "-17644000",
            "ebit": "5662000",
            "ebitda": "93533000",
            "netIncome": "-33906000"
        }
    ]
}