{
    "symbol": "MLM",
    "annualReports": [
        {
            "fiscalDateEnding": "2022-12-31",
            "reportedCurrency": "USD",
            "grossProfit": "1423300000",
            "totalRevenue": "5991700000",
            "costOfRevenue": "5267800000",
            "costofGoodsAndServicesSold": "4737400000",
            "operatingIncome": "1206700000",
            "sellingGeneralAndAdministrative": "396700000",
            "researchAndDevelopment": "None",
            "operatingExpenses": "530400000",
            "investmentIncomeNet": "None",
            "netInterestIncome": "-169000000",
            "interestIncome": "169000000",
            "interestExpense": "169000000",
            "nonInterestIncome": "6160700000",
            "otherNonOperatingIncome": "53400000",
            "depreciation": "None",
            "depreciationAndAmortization": "44900000",
            "incomeBeforeTax": "1101600000",
            "incomeTaxExpense": "234800000",
            "interestAndDebtExpense": "169000000",
            "netIncomeFromContinuingOperations": "856300000",
            "comprehensiveIncomeNetOfTax": "925900000",
            "ebit": "1270600000",
            "ebitda": "1315500000",
            "netIncome": "866800000"
        },
        {
            "fiscalDateEnding": "2021-12-31",
            "reportedCurrency": "USD",
            "grossProfit": "1348400000",
            "totalRevenue": "5293000000",
            "costOfRevenue": "4587100000",
            "costofGoodsAndServicesSold": "4065600000",
            "operatingIncome": "973800000",
            "sellingGeneralAndAdministrative": "351000000",
            "researchAndDevelopment": "None",
            "operatingExpenses": "499800000",
            "investmentIncomeNet": "None",
            "netInterestIncome": "-142700000",
            "interestIncome": "142700000",
            "interestExpense": "142700000",
            "nonInterestIncome": "5435700000",
            "otherNonOperatingIncome": "24400000",
            "depreciation": "None",
            "depreciationAndAmortization": "38300000",
            "incomeBeforeTax": "855700000",
            "incomeTaxExpense": "153200000",
            "interestAndDebtExpense": "142700000",
            "netIncomeFromContinuingOperations": "702000000",
            "comprehensiveIncomeNetOfTax": "763300000",
            "ebit": "998400000",
            "ebitda": "1036700000",
            "netIncome": "702500000"
        },
        {
            "fiscalDateEnding": "2020-12-31",
            "reportedCurrency": "USD",
            "grossProfit": "1252800000",
            "totalRevenue": "4684800000",
            "costOfRevenue": "3868000000",
            "costofGoodsAndServicesSold": "3477100000",
            "operatingIncome": "1005400000",
            "sellingGeneralAndAdministrative": "305900000",
            "researchAndDevelopment": "None",
            "operatingExpenses": "317900000",
            "investmentIncomeNet": "None",
            "netInterestIncome": "-118100000",
            "interestIncome": "118100000",
            "interestExpense": "118100000",
            "nonInterestIncome": "4802900000",
            "otherNonOperatingIncome": "2000000",
            "depreciation": "None",
            "depreciationAndAmortization": "17000000",
            "incomeBeforeTax": "889200000",
            "incomeTaxExpense": "168200000",
            "interestAndDebtExpense": "118100000",
            "netIncomeFromContinuingOperations": "721000000",
            "comprehensiveIncomeNetOfTax": "708400000",
            "ebit": "1007300000",
            "ebitda": "1024300000",
            "netIncome": "721000000"
        },
        {
            "fiscalDateEnding": "2019-12-31",
            "reportedCurrency": "USD",
            "grossProfit": "1179000000",
            "totalRevenue": "4612900000",
            "costOfRevenue": "3943500000",
            "costofGoodsAndServicesSold": "3560100000",
            "operatingIncome": "884900000",
            "sellingGeneralAndAdministrative": "302700000",
            "researchAndDevelopment": "None",
            "operatingExpenses": "380300000",
            "investmentIncomeNet": "None",
            "netInterestIncome": "-129300000",
            "interestIncome": "129300000",
            "interestExpense": "129300000",
            "nonInterestIncome": "4742200000",
            "otherNonOperatingIncome": "-7300000",
            "depreciation": "None",
            "depreciationAndAmortization": "16400000",
            "incomeBeforeTax": "748200000",
            "incomeTaxExpense": "136300000",
            "interestAndDebtExpense": "129300000",
            "netIncomeFromContinuingOperations": "611900000",
            "comprehensiveIncomeNetOfTax": "609700000",
            "ebit": "877500000",
            "ebitda": "893900000",
            "netIncome": "611900000"
        },
        {
            "fiscalDateEnding": "2018-12-31",
            "reportedCurrency": "USD",
            "grossProfit": "966600000",
            "totalRevenue": "4171727000",
            "costOfRevenue": "3643188000",
            "costofGoodsAndServicesSold": "3277700000",
            "operatingIncome": "690700000",
            "sellingGeneralAndAdministrative": "280600000",
            "researchAndDevelopment": "None",
            "operatingExpenses": "318563000",
            "investmentIncomeNet": "None",
            "netInterestIncome": "-137069000",
            "interestIncome": "31000",
            "interestExpense": "137100000",
            "nonInterestIncome": "4283525000",
            "otherNonOperatingIncome": "22500000",
            "depreciation": "None",
            "depreciationAndAmortization": "13911000",
            "incomeBeforeTax": "575700000",
            "incomeTaxExpense": "105700000",
            "interestAndDebtExpense": "137069000",
            "netIncomeFromContinuingOperations": "470376000",
            "comprehensiveIncomeNetOfTax": "455500000",
            "ebit": "712800000",
            "ebitda": "726711000",
            "netIncome": "470000000"
        }
    ],
    "quarterlyReports": [
        {
            "fiscalDateEnding": "2022-12-31",
            "reportedCurrency": "USD",
            "grossProfit": "354200000",
            "totalRevenue": "1433900000",
            "costOfRevenue": "1356700000",
            "costofGoodsAndServicesSold": "1122300000",
            "operatingIncome": "262300000",
            "sellingGeneralAndAdministrative": "100700000",
            "researchAndDevelopment": "None",
            "operatingExpenses": "234400000",
            "investmentIncomeNet": "None",
            "netInterestIncome": "-42600000",
            "interestIncome": "42600000",
            "interestExpense": "42600000",
            "nonInterestIncome": "1476500000",
            "otherNonOperatingIncome": "13300000",
            "depreciation": "None",
            "depreciationAndAmortization": "125700000",
            "incomeBeforeTax": "229000000",
            "incomeTaxExpense": "45400000",
            "interestAndDebtExpense": "42600000",
            "netIncomeFromContinuingOperations": "187600000",
            "comprehensiveIncomeNetOfTax": "270200000",
            "ebit": "271600000",
            "ebitda": "397300000",
            "netIncome": "183600000"
        },
        {
            "fiscalDateEnding": "2022-09-30",
            "reportedCurrency": "USD",
            "grossProfit": "487800000",
            "totalRevenue": "1768900000",
            "costOfRevenue": "1418800000",
            "costofGoodsAndServicesSold": "1323900000",
            "operatingIncome": "405900000",
            "sellingGeneralAndAdministrative": "94900000",
            "researchAndDevelopment": "None",
            "operatingExpenses": "94900000",
            "investmentIncomeNet": "None",
            "netInterestIncome": "-42800000",
            "interestIncome": "42800000",
            "interestExpense": "42800000",
            "nonInterestIncome": "1811700000",
            "otherNonOperatingIncome": "7300000",
            "depreciation": "None",
            "depreciationAndAmortization": "123700000",
            "incomeBeforeTax": "374500000",
            "incomeTaxExpense": "79200000",
            "interestAndDebtExpense": "42800000",
            "netIncomeFromContinuingOperations": "291200000",
            "comprehensiveIncomeNetOfTax": "298300000",
            "ebit": "417300000",
            "ebitda": "541000000",
            "netIncome": "295300000"
        },
        {
            "fiscalDateEnding": "2022-06-30",
            "reportedCurrency": "USD",
            "grossProfit": "425200000",
            "totalRevenue": "1598600000",
            "costOfRevenue": "1320600000",
            "costofGoodsAndServicesSold": "1216500000",
            "operatingIncome": "478600000",
            "sellingGeneralAndAdministrative": "104100000",
            "researchAndDevelopment": "None",
            "operatingExpenses": "104100000",
            "investmentIncomeNet": "None",
            "netInterestIncome": "-43100000",
            "interestIncome": "43100000",
            "interestExpense": "43100000",
            "nonInterestIncome": "1641700000",
            "otherNonOperatingIncome": "22000000",
            "depreciation": "None",
            "depreciationAndAmortization": "128400000",
            "incomeBeforeTax": "470900000",
            "incomeTaxExpense": "104400000",
            "interestAndDebtExpense": "43100000",
            "netIncomeFromContinuingOperations": "353200000",
            "comprehensiveIncomeNetOfTax": "367700000",
            "ebit": "514000000",
            "ebitda": "642400000",
            "netIncome": "366500000"
        },
        {
            "fiscalDateEnding": "2022-03-31",
            "reportedCurrency": "USD",
            "grossProfit": "156100000",
            "totalRevenue": "1193200000",
            "costOfRevenue": "1173200000",
            "costofGoodsAndServicesSold": "1074700000",
            "operatingIncome": "59900000",
            "sellingGeneralAndAdministrative": "97100000",
            "researchAndDevelopment": "None",
            "operatingExpenses": "95600000",
            "investmentIncomeNet": "None",
            "netInterestIncome": "-40500000",
            "interestIncome": "40500000",
            "interestExpense": "40500000",
            "nonInterestIncome": "1233700000",
            "otherNonOperatingIncome": "10800000",
            "depreciation": "None",
            "depreciationAndAmortization": "128200000",
            "incomeBeforeTax": "27200000",
            "incomeTaxExpense": "5800000",
            "interestAndDebtExpense": "40500000",
            "netIncomeFromContinuingOperations": "24500000",
            "comprehensiveIncomeNetOfTax": "-10200000",
            "ebit": "67700000",
            "ebitda": "195900000",
            "netIncome": "21400000"
        },
        {
            "fiscalDateEnding": "2021-12-31",
            "reportedCurrency": "USD",
            "grossProfit": "346700000",
            "totalRevenue": "1448700000",
            "costOfRevenue": "1389800000",
            "costofGoodsAndServicesSold": "1149700000",
            "operatingIncome": "210100000",
            "sellingGeneralAndAdministrative": "102800000",
            "researchAndDevelopment": "None",
            "operatingExpenses": "245000000",
            "investmentIncomeNet": "None",
            "netInterestIncome": "-42800000",
            "interestIncome": "42800000",
            "interestExpense": "42800000",
            "nonInterestIncome": "1491500000",
            "otherNonOperatingIncome": "600000",
            "depreciation": "None",
            "depreciationAndAmortization": "23100000",
            "incomeBeforeTax": "168300000",
            "incomeTaxExpense": "11500000",
            "interestAndDebtExpense": "42800000",
            "netIncomeFromContinuingOperations": "156100000",
            "comprehensiveIncomeNetOfTax": "210600000",
            "ebit": "211100000",
            "ebitda": "234200000",
            "netIncome": "156800000"
        },
        {
            "fiscalDateEnding": "2021-09-30",
            "reportedCurrency": "USD",
            "grossProfit": "441900000",
            "totalRevenue": "1513000000",
            "costOfRevenue": "1208800000",
            "costofGoodsAndServicesSold": "1115400000",
            "operatingIncome": "356900000",
            "sellingGeneralAndAdministrative": "86000000",
            "researchAndDevelopment": "None",
            "operatingExpenses": "93400000",
            "investmentIncomeNet": "None",
            "netInterestIncome": "-44300000",
            "interestIncome": "44300000",
            "interestExpense": "44300000",
            "nonInterestIncome": "1557300000",
            "otherNonOperatingIncome": "5600000",
            "depreciation": "None",
            "depreciationAndAmortization": "6300000",
            "incomeBeforeTax": "318200000",
            "incomeTaxExpense": "63600000",
            "interestAndDebtExpense": "44300000",
            "netIncomeFromContinuingOperations": "254600000",
            "comprehensiveIncomeNetOfTax": "256200000",
            "ebit": "362500000",
            "ebitda": "368800000",
            "netIncome": "254600000"
        },
        {
            "fiscalDateEnding": "2021-06-30",
            "reportedCurrency": "USD",
            "grossProfit": "385100000",
            "totalRevenue": "1349800000",
            "costOfRevenue": "1084500000",
            "costofGoodsAndServicesSold": "992800000",
            "operatingIncome": "307500000",
            "sellingGeneralAndAdministrative": "82400000",
            "researchAndDevelopment": "None",
            "operatingExpenses": "91700000",
            "investmentIncomeNet": "None",
            "netInterestIncome": "-28100000",
            "interestIncome": "28100000",
            "interestExpense": "28100000",
            "nonInterestIncome": "1377900000",
            "otherNonOperatingIncome": "8700000",
            "depreciation": "None",
            "depreciationAndAmortization": "107900000",
            "incomeBeforeTax": "288100000",
            "incomeTaxExpense": "62300000",
            "interestAndDebtExpense": "28100000",
            "netIncomeFromContinuingOperations": "225",
            "comprehensiveIncomeNetOfTax": "228400000",
            "ebit": "316200000",
            "ebitda": "424100000",
            "netIncome": "225800000"
        },
        {
            "fiscalDateEnding": "2021-03-31",
            "reportedCurrency": "USD",
            "grossProfit": "174700000",
            "totalRevenue": "958800000",
            "costOfRevenue": "888700000",
            "costofGoodsAndServicesSold": "807700000",
            "operatingIncome": "99300000",
            "sellingGeneralAndAdministrative": "79800000",
            "researchAndDevelopment": "None",
            "operatingExpenses": "77200000",
            "investmentIncomeNet": "None",
            "netInterestIncome": "-27400000",
            "interestIncome": "27400000",
            "interestExpense": "27400000",
            "nonInterestIncome": "986200000",
            "otherNonOperatingIncome": "9500000",
            "depreciation": "None",
            "depreciationAndAmortization": "98600000",
            "incomeBeforeTax": "81200000",
            "incomeTaxExpense": "15900000",
            "interestAndDebtExpense": "27400000",
            "netIncomeFromContinuingOperations": "65300000",
            "comprehensiveIncomeNetOfTax": "68100000",
            "ebit": "108600000",
            "ebitda": "207200000",
            "netIncome": "65300000"
        },
        {
            "fiscalDateEnding": "2020-12-31",
            "reportedCurrency": "USD",
            "grossProfit": "325400000",
            "totalRevenue": "1153000000",
            "costOfRevenue": "1022900000",
            "costofGoodsAndServicesSold": "854200000",
            "operatingIncome": "240600000",
            "sellingGeneralAndAdministrative": "84900000",
            "researchAndDevelopment": "None",
            "operatingExpenses": "166900000",
            "investmentIncomeNet": "None",
            "netInterestIncome": "-28400000",
            "interestIncome": "28400000",
            "interestExpense": "28400000",
            "nonInterestIncome": "1181400000",
            "otherNonOperatingIncome": "-3900000",
            "depreciation": "None",
            "depreciationAndAmortization": "7200000",
            "incomeBeforeTax": "208200000",
            "incomeTaxExpense": "25200000",
            "interestAndDebtExpense": "28400000",
            "netIncomeFromContinuingOperations": "183000000",
            "comprehensiveIncomeNetOfTax": "163200000",
            "ebit": "236600000",
            "ebitda": "243800000",
            "netIncome": "183000000"
        },
        {
            "fiscalDateEnding": "2020-09-30",
            "reportedCurrency": "USD",
            "grossProfit": "404500000",
            "totalRevenue": "1292700000",
            "costOfRevenue": "988400000",
            "costofGoodsAndServicesSold": "916900000",
            "operatingIncome": "400600000",
            "sellingGeneralAndAdministrative": "71100000",
            "researchAndDevelopment": "None",
            "operatingExpenses": "71500000",
            "investmentIncomeNet": "None",
            "netInterestIncome": "-28700000",
            "interestIncome": "28700000",
            "interestExpense": "28700000",
            "nonInterestIncome": "1321400000",
            "otherNonOperatingIncome": "4000000",
            "depreciation": "None",
            "depreciationAndAmortization": "3400000",
            "incomeBeforeTax": "375900000",
            "incomeTaxExpense": "81500000",
            "interestAndDebtExpense": "28700000",
            "netIncomeFromContinuingOperations": "294400000",
            "comprehensiveIncomeNetOfTax": "298000000",
            "ebit": "404600000",
            "ebitda": "408000000",
            "netIncome": "294400000"
        },
        {
            "fiscalDateEnding": "2020-06-30",
            "reportedCurrency": "USD",
            "grossProfit": "380500000",
            "totalRevenue": "1239400000",
            "costOfRevenue": "961800000",
            "costofGoodsAndServicesSold": "890100000",
            "operatingIncome": "306400000",
            "sellingGeneralAndAdministrative": "71200000",
            "researchAndDevelopment": "None",
            "operatingExpenses": "71700000",
            "investmentIncomeNet": "None",
            "netInterestIncome": "-31200000",
            "interestIncome": "31200000",
            "interestExpense": "31200000",
            "nonInterestIncome": "1270600000",
            "otherNonOperatingIncome": "3800000",
            "depreciation": "None",
            "depreciationAndAmortization": "98400000",
            "incomeBeforeTax": "279000000",
            "incomeTaxExpense": "61400000",
            "interestAndDebtExpense": "31200000",
            "netIncomeFromContinuingOperations": "217600000",
            "comprehensiveIncomeNetOfTax": "220800000",
            "ebit": "310200000",
            "ebitda": "408600000",
            "netIncome": "217600000"
        },
        {
            "fiscalDateEnding": "2020-03-31",
            "reportedCurrency": "USD",
            "grossProfit": "142400000",
            "totalRevenue": "929900000",
            "costOfRevenue": "894800000",
            "costofGoodsAndServicesSold": "815800000",
            "operatingIncome": "57800000",
            "sellingGeneralAndAdministrative": "78700000",
            "researchAndDevelopment": "None",
            "operatingExpenses": "77500000",
            "investmentIncomeNet": "None",
            "netInterestIncome": "-29800000",
            "interestIncome": "29800000",
            "interestExpense": "29800000",
            "nonInterestIncome": "959700000",
            "otherNonOperatingIncome": "-2000000",
            "depreciation": "None",
            "depreciationAndAmortization": "None",
            "incomeBeforeTax": "26000000",
            "incomeTaxExpense": "100000",
            "interestAndDebtExpense": "29800000",
            "netIncomeFromContinuingOperations": "25900000",
            "comprehensiveIncomeNetOfTax": "26300000",
            "ebit": "55800000",
            "ebitda": "55800000",
            "netIncome": "25900000"
        },
        {
            "fiscalDateEnding": "2019-12-31",
            "reportedCurrency": "USD",
            "grossProfit": "258600000",
            "totalRevenue": "1067962000",
            "costOfRevenue": "993780000",
            "costofGoodsAndServicesSold": "841800000",
            "operatingIncome": "184500000",
            "sellingGeneralAndAdministrative": "73800000",
            "researchAndDevelopment": "None",
            "operatingExpenses": "153780000",
            "investmentIncomeNet": "None",
            "netInterestIncome": "-30620000",
            "interestIncome": "-20000",
            "interestExpense": "30600000",
            "nonInterestIncome": "1098582000",
            "otherNonOperatingIncome": "2400000",
            "depreciation": "None",
            "depreciationAndAmortization": "14075000",
            "incomeBeforeTax": "156200000",
            "incomeTaxExpense": "25200000",
            "interestAndDebtExpense": "30620000",
            "netIncomeFromContinuingOperations": "130982000",
            "comprehensiveIncomeNetOfTax": "120000000",
            "ebit": "186800000",
            "ebitda": "200875000",
            "netIncome": "131000000"
        },
        {
            "fiscalDateEnding": "2019-09-30",
            "reportedCurrency": "USD",
            "grossProfit": "420600000",
            "totalRevenue": "1387810000",
            "costOfRevenue": "1078637000",
            "costofGoodsAndServicesSold": "999600000",
            "operatingIncome": "345300000",
            "sellingGeneralAndAdministrative": "78200000",
            "researchAndDevelopment": "None",
            "operatingExpenses": "79036000",
            "investmentIncomeNet": "None",
            "netInterestIncome": "-32436000",
            "interestIncome": "-36000",
            "interestExpense": "32400000",
            "nonInterestIncome": "1420246000",
            "otherNonOperatingIncome": "1900000",
            "depreciation": "None",
            "depreciationAndAmortization": "755000",
            "incomeBeforeTax": "314800000",
            "incomeTaxExpense": "66200000",
            "interestAndDebtExpense": "32436000",
            "netIncomeFromContinuingOperations": "248622000",
            "comprehensiveIncomeNetOfTax": "251100000",
            "ebit": "347200000",
            "ebitda": "347955000",
            "netIncome": "248600000"
        },
        {
            "fiscalDateEnding": "2019-06-30",
            "reportedCurrency": "USD",
            "grossProfit": "356900000",
            "totalRevenue": "1246171000",
            "costOfRevenue": "995666000",
            "costofGoodsAndServicesSold": "922600000",
            "operatingIncome": "285900000",
            "sellingGeneralAndAdministrative": "72400000",
            "researchAndDevelopment": "None",
            "operatingExpenses": "73065000",
            "investmentIncomeNet": "None",
            "netInterestIncome": "-33297000",
            "interestIncome": "3000",
            "interestExpense": "33300000",
            "nonInterestIncome": "1279468000",
            "otherNonOperatingIncome": "-13200000",
            "depreciation": "None",
            "depreciationAndAmortization": "636000",
            "incomeBeforeTax": "239400000",
            "incomeTaxExpense": "49900000",
            "interestAndDebtExpense": "33297000",
            "netIncomeFromContinuingOperations": "189469000",
            "comprehensiveIncomeNetOfTax": "192500000",
            "ebit": "272700000",
            "ebitda": "273336000",
            "netIncome": "189500000"
        },
        {
            "fiscalDateEnding": "2019-03-31",
            "reportedCurrency": "USD",
            "grossProfit": "142900000",
            "totalRevenue": "908420000",
            "costOfRevenue": "874484000",
            "costofGoodsAndServicesSold": "796100000",
            "operatingIncome": "69200000",
            "sellingGeneralAndAdministrative": "78300000",
            "researchAndDevelopment": "None",
            "operatingExpenses": "76023000",
            "investmentIncomeNet": "None",
            "netInterestIncome": "-32948000",
            "interestIncome": "-48000",
            "interestExpense": "32900000",
            "nonInterestIncome": "941368000",
            "otherNonOperatingIncome": "1600000",
            "depreciation": "None",
            "depreciationAndAmortization": "934000",
            "incomeBeforeTax": "37900000",
            "incomeTaxExpense": "-5000000",
            "interestAndDebtExpense": "32948000",
            "netIncomeFromContinuingOperations": "42826000",
            "comprehensiveIncomeNetOfTax": "46100000",
            "ebit": "70800000",
            "ebitda": "71734000",
            "netIncome": "42900000"
        },
        {
            "fiscalDateEnding": "2018-12-31",
            "reportedCurrency": "USD",
            "grossProfit": "227307000",
            "totalRevenue": "1016039000",
            "costOfRevenue": "925328000",
            "costofGoodsAndServicesSold": "792946000",
            "operatingIncome": "147004000",
            "sellingGeneralAndAdministrative": "70968000",
            "researchAndDevelopment": "None",
            "operatingExpenses": "120624000",
            "investmentIncomeNet": "None",
            "netInterestIncome": "-33543000",
            "interestIncome": "31000",
            "interestExpense": "33574000",
            "nonInterestIncome": "1024311000",
            "otherNonOperatingIncome": "2627000",
            "depreciation": "None",
            "depreciationAndAmortization": "3362000",
            "incomeBeforeTax": "115932000",
            "incomeTaxExpense": "21553000",
            "interestAndDebtExpense": "33543000",
            "netIncomeFromContinuingOperations": "94755000",
            "comprehensiveIncomeNetOfTax": "72266000",
            "ebit": "149506000",
            "ebitda": "152868000",
            "netIncome": "94379000"
        },
        {
            "fiscalDateEnding": "2018-09-30",
            "reportedCurrency": "USD",
            "grossProfit": "312984000",
            "totalRevenue": "1184172000",
            "costOfRevenue": "975186000",
            "costofGoodsAndServicesSold": "906656000",
            "operatingIncome": "240662000",
            "sellingGeneralAndAdministrative": "68441000",
            "researchAndDevelopment": "None",
            "operatingExpenses": "68530000",
            "investmentIncomeNet": "None",
            "netInterestIncome": "-35468000",
            "interestIncome": "None",
            "interestExpense": "35468000",
            "nonInterestIncome": "1219640000",
            "otherNonOperatingIncome": "4248000",
            "depreciation": "None",
            "depreciationAndAmortization": "3441000",
            "incomeBeforeTax": "209310000",
            "incomeTaxExpense": "29089000",
            "interestAndDebtExpense": "35468000",
            "netIncomeFromContinuingOperations": "180221000",
            "comprehensiveIncomeNetOfTax": "184613000",
            "ebit": "244778000",
            "ebitda": "248219000",
            "netIncome": "180221000"
        },
        {
            "fiscalDateEnding": "2018-06-30",
            "reportedCurrency": "USD",
            "grossProfit": "315917000",
            "totalRevenue": "1169432000",
            "costOfRevenue": "969682000",
            "costofGoodsAndServicesSold": "886486000",
            "operatingIncome": "263953000",
            "sellingGeneralAndAdministrative": "71070000",
            "researchAndDevelopment": "None",
            "operatingExpenses": "83196000",
            "investmentIncomeNet": "None",
            "netInterestIncome": "-32971000",
            "interestIncome": "None",
            "interestExpense": "32971000",
            "nonInterestIncome": "1202403000",
            "otherNonOperatingIncome": "7122000",
            "depreciation": "None",
            "depreciationAndAmortization": "None",
            "incomeBeforeTax": "237978000",
            "incomeTaxExpense": "52601000",
            "interestAndDebtExpense": "32971000",
            "netIncomeFromContinuingOperations": "185377000",
            "comprehensiveIncomeNetOfTax": "186979000",
            "ebit": "270949000",
            "ebitda": "270949000",
            "netIncome": "185377000"
        },
        {
            "fiscalDateEnding": "2018-03-31",
            "reportedCurrency": "USD",
            "grossProfit": "110392000",
            "totalRevenue": "767868000",
            "costOfRevenue": "762444000",
            "costofGoodsAndServicesSold": "691612000",
            "operatingIncome": "39081000",
            "sellingGeneralAndAdministrative": "70121000",
            "researchAndDevelopment": "None",
            "operatingExpenses": "69881000",
            "investmentIncomeNet": "None",
            "netInterestIncome": "-35087000",
            "interestIncome": "None",
            "interestExpense": "35087000",
            "nonInterestIncome": "951000",
            "otherNonOperatingIncome": "8503000",
            "depreciation": "None",
            "depreciationAndAmortization": "None",
            "incomeBeforeTax": "12480000",
            "incomeTaxExpense": "2457000",
            "interestAndDebtExpense": "35087000",
            "netIncomeFromContinuingOperations": "10023000",
            "comprehensiveIncomeNetOfTax": "11642000",
            "ebit": "47567000",
            "ebitda": "47567000",
            "netIncome": "10023000"
        }
    ]
}