{
    "symbol": "MOH",
    "annualReports": [
        {
            "fiscalDateEnding": "2022-12-31",
            "reportedCurrency": "USD",
            "grossProfit": "2104000000",
            "totalRevenue": "31974000000",
            "costOfRevenue": "29870000000",
            "costofGoodsAndServicesSold": "27175000000",
            "operatingIncome": "1173000000",
            "sellingGeneralAndAdministrative": "2311000000",
            "researchAndDevelopment": "None",
            "operatingExpenses": "2718000000",
            "investmentIncomeNet": "None",
            "netInterestIncome": "-110000000",
            "interestIncome": "110000000",
            "interestExpense": "110000000",
            "nonInterestIncome": "30883000000",
            "otherNonOperatingIncome": "0",
            "depreciation": "17000000",
            "depreciationAndAmortization": "176000000",
            "incomeBeforeTax": "1063000000",
            "incomeTaxExpense": "271000000",
            "interestAndDebtExpense": "110000000",
            "netIncomeFromContinuingOperations": "792000000",
            "comprehensiveIncomeNetOfTax": "637000000",
            "ebit": "1173000000",
            "ebitda": "1349000000",
            "netIncome": "792000000"
        },
        {
            "fiscalDateEnding": "2021-12-31",
            "reportedCurrency": "USD",
            "grossProfit": "1868000000",
            "totalRevenue": "27771000000",
            "costOfRevenue": "25903000000",
            "costofGoodsAndServicesSold": "23704000000",
            "operatingIncome": "1020000000",
            "sellingGeneralAndAdministrative": "2068000000",
            "researchAndDevelopment": "None",
            "operatingExpenses": "2227000000",
            "investmentIncomeNet": "None",
            "netInterestIncome": "-120000000",
            "interestIncome": "120000000",
            "interestExpense": "120000000",
            "nonInterestIncome": "26830000000",
            "otherNonOperatingIncome": "-25000000",
            "depreciation": "16000000",
            "depreciationAndAmortization": "131000000",
            "incomeBeforeTax": "875000000",
            "incomeTaxExpense": "216000000",
            "interestAndDebtExpense": "145000000",
            "netIncomeFromContinuingOperations": "659000000",
            "comprehensiveIncomeNetOfTax": "617000000",
            "ebit": "995000000",
            "ebitda": "1126000000",
            "netIncome": "659000000"
        },
        {
            "fiscalDateEnding": "2020-12-31",
            "reportedCurrency": "USD",
            "grossProfit": "2479000000",
            "totalRevenue": "19423000000",
            "costOfRevenue": "16944000000",
            "costofGoodsAndServicesSold": "15820000000",
            "operatingIncome": "1078000000",
            "sellingGeneralAndAdministrative": "1480000000",
            "researchAndDevelopment": "None",
            "operatingExpenses": "1576000000",
            "investmentIncomeNet": "None",
            "netInterestIncome": "-102000000",
            "interestIncome": "102000000",
            "interestExpense": "102000000",
            "nonInterestIncome": "-15000000",
            "otherNonOperatingIncome": "-15000000",
            "depreciation": "16000000",
            "depreciationAndAmortization": "88000000",
            "incomeBeforeTax": "961000000",
            "incomeTaxExpense": "288000000",
            "interestAndDebtExpense": "117000000",
            "netIncomeFromContinuingOperations": "673000000",
            "comprehensiveIncomeNetOfTax": "706000000",
            "ebit": "1063000000",
            "ebitda": "1151000000",
            "netIncome": "673000000"
        },
        {
            "fiscalDateEnding": "2019-12-31",
            "reportedCurrency": "USD",
            "grossProfit": "2303000000",
            "totalRevenue": "16829000000",
            "costOfRevenue": "14526000000",
            "costofGoodsAndServicesSold": "13905000000",
            "operatingIncome": "1044000000",
            "sellingGeneralAndAdministrative": "1296000000",
            "researchAndDevelopment": "None",
            "operatingExpenses": "1367000000",
            "investmentIncomeNet": "None",
            "netInterestIncome": "-87000000",
            "interestIncome": "87000000",
            "interestExpense": "87000000",
            "nonInterestIncome": "16223000000",
            "otherNonOperatingIncome": "15000000",
            "depreciation": "21000000",
            "depreciationAndAmortization": "89000000",
            "incomeBeforeTax": "972000000",
            "incomeTaxExpense": "235000000",
            "interestAndDebtExpense": "72000000",
            "netIncomeFromContinuingOperations": "737000000",
            "comprehensiveIncomeNetOfTax": "749000000",
            "ebit": "1059000000",
            "ebitda": "1148000000",
            "netIncome": "737000000"
        },
        {
            "fiscalDateEnding": "2018-12-31",
            "reportedCurrency": "USD",
            "grossProfit": "2518000000",
            "totalRevenue": "18890000000",
            "costOfRevenue": "16372000000",
            "costofGoodsAndServicesSold": "127000000",
            "operatingIncome": "1131000000",
            "sellingGeneralAndAdministrative": "1333000000",
            "researchAndDevelopment": "None",
            "operatingExpenses": "1422000000",
            "investmentIncomeNet": "None",
            "netInterestIncome": "-115000000",
            "interestIncome": "115000000",
            "interestExpense": "115000000",
            "nonInterestIncome": "17575000000",
            "otherNonOperatingIncome": "-17000000",
            "depreciation": "36000000",
            "depreciationAndAmortization": "99000000",
            "incomeBeforeTax": "999000000",
            "incomeTaxExpense": "292000000",
            "interestAndDebtExpense": "137000000",
            "netIncomeFromContinuingOperations": "707000000",
            "comprehensiveIncomeNetOfTax": "705000000",
            "ebit": "1114000000",
            "ebitda": "1213000000",
            "netIncome": "707000000"
        }
    ],
    "quarterlyReports": [
        {
            "fiscalDateEnding": "2022-12-31",
            "reportedCurrency": "USD",
            "grossProfit": "347000000",
            "totalRevenue": "8223000000",
            "costOfRevenue": "7876000000",
            "costofGoodsAndServicesSold": "6992000000",
            "operatingIncome": "105000000",
            "sellingGeneralAndAdministrative": "629000000",
            "researchAndDevelopment": "None",
            "operatingExpenses": "864000000",
            "investmentIncomeNet": "None",
            "netInterestIncome": "-27000000",
            "interestIncome": "27000000",
            "interestExpense": "27000000",
            "nonInterestIncome": "7917000000",
            "otherNonOperatingIncome": "None",
            "depreciation": "None",
            "depreciationAndAmortization": "47000000",
            "incomeBeforeTax": "78000000",
            "incomeTaxExpense": "22000000",
            "interestAndDebtExpense": "27000000",
            "netIncomeFromContinuingOperations": "56000000",
            "comprehensiveIncomeNetOfTax": "81000000",
            "ebit": "105000000",
            "ebitda": "152000000",
            "netIncome": "56000000"
        },
        {
            "fiscalDateEnding": "2022-09-30",
            "reportedCurrency": "USD",
            "grossProfit": "574000000",
            "totalRevenue": "7927000000",
            "costOfRevenue": "7353000000",
            "costofGoodsAndServicesSold": "6748000000",
            "operatingIncome": "335000000",
            "sellingGeneralAndAdministrative": "560000000",
            "researchAndDevelopment": "None",
            "operatingExpenses": "621000000",
            "investmentIncomeNet": "None",
            "netInterestIncome": "-28000000",
            "interestIncome": "28000000",
            "interestExpense": "28000000",
            "nonInterestIncome": "7636000000",
            "otherNonOperatingIncome": "None",
            "depreciation": "None",
            "depreciationAndAmortization": "45000000",
            "incomeBeforeTax": "307000000",
            "incomeTaxExpense": "77000000",
            "interestAndDebtExpense": "28000000",
            "netIncomeFromContinuingOperations": "230000000",
            "comprehensiveIncomeNetOfTax": "173000000",
            "ebit": "335000000",
            "ebitda": "380000000",
            "netIncome": "230000000"
        },
        {
            "fiscalDateEnding": "2022-06-30",
            "reportedCurrency": "USD",
            "grossProfit": "587000000",
            "totalRevenue": "8054000000",
            "costOfRevenue": "7467000000",
            "costofGoodsAndServicesSold": "6872000000",
            "operatingIncome": "361000000",
            "sellingGeneralAndAdministrative": "551000000",
            "researchAndDevelopment": "None",
            "operatingExpenses": "606000000",
            "investmentIncomeNet": "None",
            "netInterestIncome": "-27000000",
            "interestIncome": "27000000",
            "interestExpense": "27000000",
            "nonInterestIncome": "7799000000",
            "otherNonOperatingIncome": "None",
            "depreciation": "None",
            "depreciationAndAmortization": "44000000",
            "incomeBeforeTax": "334000000",
            "incomeTaxExpense": "86000000",
            "interestAndDebtExpense": "27000000",
            "netIncomeFromContinuingOperations": "248000000",
            "comprehensiveIncomeNetOfTax": "201000000",
            "ebit": "361000000",
            "ebitda": "405000000",
            "netIncome": "248000000"
        },
        {
            "fiscalDateEnding": "2022-03-31",
            "reportedCurrency": "USD",
            "grossProfit": "596000000",
            "totalRevenue": "7770000000",
            "costOfRevenue": "7174000000",
            "costofGoodsAndServicesSold": "6563000000",
            "operatingIncome": "372000000",
            "sellingGeneralAndAdministrative": "571000000",
            "researchAndDevelopment": "None",
            "operatingExpenses": "627000000",
            "investmentIncomeNet": "None",
            "netInterestIncome": "-28000000",
            "interestIncome": "28000000",
            "interestExpense": "28000000",
            "nonInterestIncome": "7531000000",
            "otherNonOperatingIncome": "None",
            "depreciation": "None",
            "depreciationAndAmortization": "40000000",
            "incomeBeforeTax": "344000000",
            "incomeTaxExpense": "86000000",
            "interestAndDebtExpense": "28000000",
            "netIncomeFromContinuingOperations": "258000000",
            "comprehensiveIncomeNetOfTax": "182000000",
            "ebit": "372000000",
            "ebitda": "412000000",
            "netIncome": "258000000"
        },
        {
            "fiscalDateEnding": "2021-12-31",
            "reportedCurrency": "USD",
            "grossProfit": "433000000",
            "totalRevenue": "7409000000",
            "costOfRevenue": "6976000000",
            "costofGoodsAndServicesSold": "6362000000",
            "operatingIncome": "191000000",
            "sellingGeneralAndAdministrative": "579000000",
            "researchAndDevelopment": "None",
            "operatingExpenses": "612000000",
            "investmentIncomeNet": "None",
            "netInterestIncome": "-30000000",
            "interestIncome": "30000000",
            "interestExpense": "30000000",
            "nonInterestIncome": "7141000000",
            "otherNonOperatingIncome": "-25000000",
            "depreciation": "None",
            "depreciationAndAmortization": "35000000",
            "incomeBeforeTax": "136000000",
            "incomeTaxExpense": "33000000",
            "interestAndDebtExpense": "55000000",
            "netIncomeFromContinuingOperations": "103000000",
            "comprehensiveIncomeNetOfTax": "81000000",
            "ebit": "166000000",
            "ebitda": "201000000",
            "netIncome": "103000000"
        },
        {
            "fiscalDateEnding": "2021-09-30",
            "reportedCurrency": "USD",
            "grossProfit": "427000000",
            "totalRevenue": "7040000000",
            "costOfRevenue": "6613000000",
            "costofGoodsAndServicesSold": "6049000000",
            "operatingIncome": "221000000",
            "sellingGeneralAndAdministrative": "532000000",
            "researchAndDevelopment": "None",
            "operatingExpenses": "566000000",
            "investmentIncomeNet": "None",
            "netInterestIncome": "-30000000",
            "interestIncome": "30000000",
            "interestExpense": "30000000",
            "nonInterestIncome": "6800000000",
            "otherNonOperatingIncome": "0",
            "depreciation": "None",
            "depreciationAndAmortization": "32000000",
            "incomeBeforeTax": "191000000",
            "incomeTaxExpense": "48000000",
            "interestAndDebtExpense": "30000000",
            "netIncomeFromContinuingOperations": "143000000",
            "comprehensiveIncomeNetOfTax": "134000000",
            "ebit": "221000000",
            "ebitda": "253000000",
            "netIncome": "143000000"
        },
        {
            "fiscalDateEnding": "2021-06-30",
            "reportedCurrency": "USD",
            "grossProfit": "466000000",
            "totalRevenue": "6800000000",
            "costOfRevenue": "6334000000",
            "costofGoodsAndServicesSold": "5819000000",
            "operatingIncome": "273000000",
            "sellingGeneralAndAdministrative": "484000000",
            "researchAndDevelopment": "None",
            "operatingExpenses": "523000000",
            "investmentIncomeNet": "None",
            "netInterestIncome": "-30000000",
            "interestIncome": "30000000",
            "interestExpense": "30000000",
            "nonInterestIncome": "6583000000",
            "otherNonOperatingIncome": "0",
            "depreciation": "None",
            "depreciationAndAmortization": "31000000",
            "incomeBeforeTax": "243000000",
            "incomeTaxExpense": "58000000",
            "interestAndDebtExpense": "30000000",
            "netIncomeFromContinuingOperations": "185000000",
            "comprehensiveIncomeNetOfTax": "185000000",
            "ebit": "273000000",
            "ebitda": "304000000",
            "netIncome": "185000000"
        },
        {
            "fiscalDateEnding": "2021-03-31",
            "reportedCurrency": "USD",
            "grossProfit": "542000000",
            "totalRevenue": "6522000000",
            "costOfRevenue": "5980000000",
            "costofGoodsAndServicesSold": "5474000000",
            "operatingIncome": "335000000",
            "sellingGeneralAndAdministrative": "473000000",
            "researchAndDevelopment": "None",
            "operatingExpenses": "526000000",
            "investmentIncomeNet": "None",
            "netInterestIncome": "-30000000",
            "interestIncome": "30000000",
            "interestExpense": "30000000",
            "nonInterestIncome": "6306000000",
            "otherNonOperatingIncome": "0",
            "depreciation": "None",
            "depreciationAndAmortization": "33000000",
            "incomeBeforeTax": "305000000",
            "incomeTaxExpense": "77000000",
            "interestAndDebtExpense": "30000000",
            "netIncomeFromContinuingOperations": "228000000",
            "comprehensiveIncomeNetOfTax": "217000000",
            "ebit": "335000000",
            "ebitda": "368000000",
            "netIncome": "228000000"
        },
        {
            "fiscalDateEnding": "2020-12-31",
            "reportedCurrency": "USD",
            "grossProfit": "797000000",
            "totalRevenue": "5235000000",
            "costOfRevenue": "-10850000000",
            "costofGoodsAndServicesSold": "4408000000",
            "operatingIncome": "91000000",
            "sellingGeneralAndAdministrative": "450000000",
            "researchAndDevelopment": "None",
            "operatingExpenses": "473000000",
            "investmentIncomeNet": "None",
            "netInterestIncome": "-30000000",
            "interestIncome": "30000000",
            "interestExpense": "30000000",
            "nonInterestIncome": "-13454000000",
            "otherNonOperatingIncome": "-10000000",
            "depreciation": "None",
            "depreciationAndAmortization": "24000000",
            "incomeBeforeTax": "51000000",
            "incomeTaxExpense": "17000000",
            "interestAndDebtExpense": "40000000",
            "netIncomeFromContinuingOperations": "34000000",
            "comprehensiveIncomeNetOfTax": "34000000",
            "ebit": "81000000",
            "ebitda": "105000000",
            "netIncome": "34000000"
        },
        {
            "fiscalDateEnding": "2020-09-30",
            "reportedCurrency": "USD",
            "grossProfit": "532000000",
            "totalRevenue": "5021000000",
            "costOfRevenue": "4489000000",
            "costofGoodsAndServicesSold": "4098000000",
            "operatingIncome": "289000000",
            "sellingGeneralAndAdministrative": "368000000",
            "researchAndDevelopment": "None",
            "operatingExpenses": "394000000",
            "investmentIncomeNet": "None",
            "netInterestIncome": "-27000000",
            "interestIncome": "27000000",
            "interestExpense": "27000000",
            "nonInterestIncome": "4768000000",
            "otherNonOperatingIncome": "0",
            "depreciation": "None",
            "depreciationAndAmortization": "23000000",
            "incomeBeforeTax": "262000000",
            "incomeTaxExpense": "77000000",
            "interestAndDebtExpense": "27000000",
            "netIncomeFromContinuingOperations": "185000000",
            "comprehensiveIncomeNetOfTax": "190000000",
            "ebit": "289000000",
            "ebitda": "312000000",
            "netIncome": "185000000"
        },
        {
            "fiscalDateEnding": "2020-06-30",
            "reportedCurrency": "USD",
            "grossProfit": "654000000",
            "totalRevenue": "4618000000",
            "costOfRevenue": "3964000000",
            "costofGoodsAndServicesSold": "3598000000",
            "operatingIncome": "424000000",
            "sellingGeneralAndAdministrative": "345000000",
            "researchAndDevelopment": "None",
            "operatingExpenses": "368000000",
            "investmentIncomeNet": "None",
            "netInterestIncome": "-24000000",
            "interestIncome": "24000000",
            "interestExpense": "24000000",
            "nonInterestIncome": "4367000000",
            "otherNonOperatingIncome": "-5000000",
            "depreciation": "None",
            "depreciationAndAmortization": "21000000",
            "incomeBeforeTax": "395000000",
            "incomeTaxExpense": "119000000",
            "interestAndDebtExpense": "29000000",
            "netIncomeFromContinuingOperations": "276000000",
            "comprehensiveIncomeNetOfTax": "323000000",
            "ebit": "419000000",
            "ebitda": "440000000",
            "netIncome": "276000000"
        },
        {
            "fiscalDateEnding": "2020-03-31",
            "reportedCurrency": "USD",
            "grossProfit": "496000000",
            "totalRevenue": "4549000000",
            "costOfRevenue": "4053000000",
            "costofGoodsAndServicesSold": "3716000000",
            "operatingIncome": "274000000",
            "sellingGeneralAndAdministrative": "317000000",
            "researchAndDevelopment": "None",
            "operatingExpenses": "341000000",
            "investmentIncomeNet": "None",
            "netInterestIncome": "-21000000",
            "interestIncome": "21000000",
            "interestExpense": "21000000",
            "nonInterestIncome": "4304000000",
            "otherNonOperatingIncome": "0",
            "depreciation": "None",
            "depreciationAndAmortization": "20000000",
            "incomeBeforeTax": "253000000",
            "incomeTaxExpense": "75000000",
            "interestAndDebtExpense": "21000000",
            "netIncomeFromContinuingOperations": "178000000",
            "comprehensiveIncomeNetOfTax": "159000000",
            "ebit": "274000000",
            "ebitda": "294000000",
            "netIncome": "178000000"
        },
        {
            "fiscalDateEnding": "2019-12-31",
            "reportedCurrency": "USD",
            "grossProfit": "578000000",
            "totalRevenue": "4274000000",
            "costOfRevenue": "3696000000",
            "costofGoodsAndServicesSold": "3545000000",
            "operatingIncome": "242000000",
            "sellingGeneralAndAdministrative": "343000000",
            "researchAndDevelopment": "None",
            "operatingExpenses": "346000000",
            "investmentIncomeNet": "None",
            "netInterestIncome": "-20000000",
            "interestIncome": "20000000",
            "interestExpense": "20000000",
            "nonInterestIncome": "4123000000",
            "otherNonOperatingIncome": "0",
            "depreciation": "None",
            "depreciationAndAmortization": "21000000",
            "incomeBeforeTax": "222000000",
            "incomeTaxExpense": "54000000",
            "interestAndDebtExpense": "20000000",
            "netIncomeFromContinuingOperations": "578000000",
            "comprehensiveIncomeNetOfTax": "167000000",
            "ebit": "242000000",
            "ebitda": "263000000",
            "netIncome": "168000000"
        },
        {
            "fiscalDateEnding": "2019-09-30",
            "reportedCurrency": "USD",
            "grossProfit": "561000000",
            "totalRevenue": "4243000000",
            "costOfRevenue": "3682000000",
            "costofGoodsAndServicesSold": "3523000000",
            "operatingIncome": "257000000",
            "sellingGeneralAndAdministrative": "323000000",
            "researchAndDevelopment": "None",
            "operatingExpenses": "344000000",
            "investmentIncomeNet": "None",
            "netInterestIncome": "-22000000",
            "interestIncome": "22000000",
            "interestExpense": "22000000",
            "nonInterestIncome": "4084000000",
            "otherNonOperatingIncome": "-2000000",
            "depreciation": "None",
            "depreciationAndAmortization": "21000000",
            "incomeBeforeTax": "233000000",
            "incomeTaxExpense": "58000000",
            "interestAndDebtExpense": "22000000",
            "netIncomeFromContinuingOperations": "175000000",
            "comprehensiveIncomeNetOfTax": "175000000",
            "ebit": "255000000",
            "ebitda": "276000000",
            "netIncome": "175000000"
        },
        {
            "fiscalDateEnding": "2019-06-30",
            "reportedCurrency": "USD",
            "grossProfit": "583000000",
            "totalRevenue": "4193000000",
            "costOfRevenue": "3610000000",
            "costofGoodsAndServicesSold": "3466000000",
            "operatingIncome": "265000000",
            "sellingGeneralAndAdministrative": "328000000",
            "researchAndDevelopment": "None",
            "operatingExpenses": "350000000",
            "investmentIncomeNet": "None",
            "netInterestIncome": "-22000000",
            "interestIncome": "22000000",
            "interestExpense": "22000000",
            "nonInterestIncome": "4049000000",
            "otherNonOperatingIncome": "14000000",
            "depreciation": "None",
            "depreciationAndAmortization": "22000000",
            "incomeBeforeTax": "257000000",
            "incomeTaxExpense": "61000000",
            "interestAndDebtExpense": "22000000",
            "netIncomeFromContinuingOperations": "196000000",
            "comprehensiveIncomeNetOfTax": "204000000",
            "ebit": "279000000",
            "ebitda": "301000000",
            "netIncome": "196000000"
        },
        {
            "fiscalDateEnding": "2019-03-31",
            "reportedCurrency": "USD",
            "grossProfit": "581000000",
            "totalRevenue": "4119000000",
            "costOfRevenue": "3538000000",
            "costofGoodsAndServicesSold": "3371000000",
            "operatingIncome": "280000000",
            "sellingGeneralAndAdministrative": "302000000",
            "researchAndDevelopment": "None",
            "operatingExpenses": "327000000",
            "investmentIncomeNet": "None",
            "netInterestIncome": "-23000000",
            "interestIncome": "23000000",
            "interestExpense": "23000000",
            "nonInterestIncome": "3955000000",
            "otherNonOperatingIncome": "3000000",
            "depreciation": "None",
            "depreciationAndAmortization": "25000000",
            "incomeBeforeTax": "260000000",
            "incomeTaxExpense": "62000000",
            "interestAndDebtExpense": "20000000",
            "netIncomeFromContinuingOperations": "198000000",
            "comprehensiveIncomeNetOfTax": "203000000",
            "ebit": "283000000",
            "ebitda": "308000000",
            "netIncome": "198000000"
        },
        {
            "fiscalDateEnding": "2018-12-31",
            "reportedCurrency": "USD",
            "grossProfit": "664000000",
            "totalRevenue": "4664000000",
            "costOfRevenue": "4000000000",
            "costofGoodsAndServicesSold": "3974000000",
            "operatingIncome": "272000000",
            "sellingGeneralAndAdministrative": "335000000",
            "researchAndDevelopment": "None",
            "operatingExpenses": "52000000",
            "investmentIncomeNet": "None",
            "netInterestIncome": "-24000000",
            "interestIncome": "None",
            "interestExpense": "24000000",
            "nonInterestIncome": "-52000000",
            "otherNonOperatingIncome": "8000000",
            "depreciation": "None",
            "depreciationAndAmortization": "23000000",
            "incomeBeforeTax": "256000000",
            "incomeTaxExpense": "55000000",
            "interestAndDebtExpense": "21000000",
            "netIncomeFromContinuingOperations": "664000000",
            "comprehensiveIncomeNetOfTax": "203000000",
            "ebit": "280000000",
            "ebitda": "303000000",
            "netIncome": "201000000"
        },
        {
            "fiscalDateEnding": "2018-09-30",
            "reportedCurrency": "USD",
            "grossProfit": "566000000",
            "totalRevenue": "4697000000",
            "costOfRevenue": "4131000000",
            "costofGoodsAndServicesSold": "4098000000",
            "operatingIncome": "295000000",
            "sellingGeneralAndAdministrative": "311000000",
            "researchAndDevelopment": "None",
            "operatingExpenses": "299000000",
            "investmentIncomeNet": "None",
            "netInterestIncome": "-26000000",
            "interestIncome": "None",
            "interestExpense": "26000000",
            "nonInterestIncome": "4374000000",
            "otherNonOperatingIncome": "-10000000",
            "depreciation": "None",
            "depreciationAndAmortization": "25000000",
            "incomeBeforeTax": "259000000",
            "incomeTaxExpense": "62000000",
            "interestAndDebtExpense": "26000000",
            "netIncomeFromContinuingOperations": "197000000",
            "comprehensiveIncomeNetOfTax": "198000000",
            "ebit": "285000000",
            "ebitda": "310000000",
            "netIncome": "197000000"
        },
        {
            "fiscalDateEnding": "2018-06-30",
            "reportedCurrency": "USD",
            "grossProfit": "673000000",
            "totalRevenue": "4883000000",
            "costOfRevenue": "4210000000",
            "costofGoodsAndServicesSold": "4173000000",
            "operatingIncome": "342000000",
            "sellingGeneralAndAdministrative": "335000000",
            "researchAndDevelopment": "None",
            "operatingExpenses": "360000000",
            "investmentIncomeNet": "None",
            "netInterestIncome": "-32000000",
            "interestIncome": "None",
            "interestExpense": "32000000",
            "nonInterestIncome": "0",
            "otherNonOperatingIncome": "-5000000",
            "depreciation": "None",
            "depreciationAndAmortization": "25000000",
            "incomeBeforeTax": "305000000",
            "incomeTaxExpense": "103000000",
            "interestAndDebtExpense": "32000000",
            "netIncomeFromContinuingOperations": "202000000",
            "comprehensiveIncomeNetOfTax": "203000000",
            "ebit": "337000000",
            "ebitda": "362000000",
            "netIncome": "202000000"
        },
        {
            "fiscalDateEnding": "2018-03-31",
            "reportedCurrency": "USD",
            "grossProfit": "615000000",
            "totalRevenue": "4646000000",
            "costOfRevenue": "4031000000",
            "costofGoodsAndServicesSold": "120000000",
            "operatingIncome": "222000000",
            "sellingGeneralAndAdministrative": "352000000",
            "researchAndDevelopment": "None",
            "operatingExpenses": "386000000",
            "investmentIncomeNet": "None",
            "netInterestIncome": "-33000000",
            "interestIncome": "None",
            "interestExpense": "33000000",
            "nonInterestIncome": "-10000000",
            "otherNonOperatingIncome": "-10000000",
            "depreciation": "None",
            "depreciationAndAmortization": "26000000",
            "incomeBeforeTax": "179000000",
            "incomeTaxExpense": "72000000",
            "interestAndDebtExpense": "43000000",
            "netIncomeFromContinuingOperations": "107000000",
            "comprehensiveIncomeNetOfTax": "101000000",
            "ebit": "212000000",
            "ebitda": "238000000",
            "netIncome": "107000000"
        }
    ]
}