{
    "symbol": "NTRS",
    "annualReports": [
        {
            "fiscalDateEnding": "2022-12-31",
            "reportedCurrency": "USD",
            "grossProfit": "1778300000",
            "totalRevenue": "6761200000",
            "costOfRevenue": "4982900000",
            "costofGoodsAndServicesSold": "None",
            "operatingIncome": "323000000",
            "sellingGeneralAndAdministrative": "1335900000",
            "researchAndDevelopment": "None",
            "operatingExpenses": "1455300000",
            "investmentIncomeNet": "None",
            "netInterestIncome": "1887200000",
            "interestIncome": "2877700000",
            "interestExpense": "990500000",
            "nonInterestIncome": "4874000000",
            "otherNonOperatingIncome": "None",
            "depreciation": "110100000",
            "depreciationAndAmortization": "119400000",
            "incomeBeforeTax": "1766300000",
            "incomeTaxExpense": "430300000",
            "interestAndDebtExpense": "990500000",
            "netIncomeFromContinuingOperations": "1336000000",
            "comprehensiveIncomeNetOfTax": "-197600000",
            "ebit": "2756800000",
            "ebitda": "2876200000",
            "netIncome": "1336000000"
        },
        {
            "fiscalDateEnding": "2021-12-31",
            "reportedCurrency": "USD",
            "grossProfit": "1987200000",
            "totalRevenue": "6464500000",
            "costOfRevenue": "4477300000",
            "costofGoodsAndServicesSold": "None",
            "operatingIncome": "608600000",
            "sellingGeneralAndAdministrative": "1253000000",
            "researchAndDevelopment": "None",
            "operatingExpenses": "1378600000",
            "investmentIncomeNet": "None",
            "netInterestIncome": "1382700000",
            "interestIncome": "1406500000",
            "interestExpense": "23800000",
            "nonInterestIncome": "5081800000",
            "otherNonOperatingIncome": "None",
            "depreciation": "110800000",
            "depreciationAndAmortization": "125600000",
            "incomeBeforeTax": "2010100000",
            "incomeTaxExpense": "464800000",
            "interestAndDebtExpense": "23800000",
            "netIncomeFromContinuingOperations": "1545300000",
            "comprehensiveIncomeNetOfTax": "1081700000",
            "ebit": "2033900000",
            "ebitda": "2159500000",
            "netIncome": "1545300000"
        },
        {
            "fiscalDateEnding": "2020-12-31",
            "reportedCurrency": "USD",
            "grossProfit": "1661000000",
            "totalRevenue": "6100800000",
            "costOfRevenue": "4439800000",
            "costofGoodsAndServicesSold": "None",
            "operatingIncome": "354400000",
            "sellingGeneralAndAdministrative": "1173200000",
            "researchAndDevelopment": "None",
            "operatingExpenses": "1306600000",
            "investmentIncomeNet": "None",
            "netInterestIncome": "1443200000",
            "interestIncome": "1643500000",
            "interestExpense": "200300000",
            "nonInterestIncome": "4657600000",
            "otherNonOperatingIncome": "None",
            "depreciation": "116500000",
            "depreciationAndAmortization": "133400000",
            "incomeBeforeTax": "1627600000",
            "incomeTaxExpense": "418300000",
            "interestAndDebtExpense": "200300000",
            "netIncomeFromContinuingOperations": "1209300000",
            "comprehensiveIncomeNetOfTax": "1832000000",
            "ebit": "1827900000",
            "ebitda": "1961300000",
            "netIncome": "1209300000"
        },
        {
            "fiscalDateEnding": "2019-12-31",
            "reportedCurrency": "USD",
            "grossProfit": "1929600000",
            "totalRevenue": "6073100000",
            "costOfRevenue": "4143500000",
            "costofGoodsAndServicesSold": "529400000",
            "operatingIncome": "567500000",
            "sellingGeneralAndAdministrative": "1242300000",
            "researchAndDevelopment": "None",
            "operatingExpenses": "1362100000",
            "investmentIncomeNet": "None",
            "netInterestIncome": "1677900000",
            "interestIncome": "2499900000",
            "interestExpense": "822000000",
            "nonInterestIncome": "4395200000",
            "otherNonOperatingIncome": "None",
            "depreciation": "103200000",
            "depreciationAndAmortization": "119800000",
            "incomeBeforeTax": "1944100000",
            "incomeTaxExpense": "451900000",
            "interestAndDebtExpense": "822000000",
            "netIncomeFromContinuingOperations": "1492200000",
            "comprehensiveIncomeNetOfTax": "1751200000",
            "ebit": "2766100000",
            "ebitda": "2885900000",
            "netIncome": "1492200000"
        },
        {
            "fiscalDateEnding": "2018-12-31",
            "reportedCurrency": "USD",
            "grossProfit": "1943300000",
            "totalRevenue": "5960200000",
            "costOfRevenue": "4016900000",
            "costofGoodsAndServicesSold": "450200000",
            "operatingIncome": "535000000",
            "sellingGeneralAndAdministrative": "1282300000",
            "researchAndDevelopment": "None",
            "operatingExpenses": "1408300000",
            "investmentIncomeNet": "None",
            "netInterestIncome": "1622700000",
            "interestIncome": "2321400000",
            "interestExpense": "698700000",
            "nonInterestIncome": "4337500000",
            "otherNonOperatingIncome": "-1000000",
            "depreciation": "108600000",
            "depreciationAndAmortization": "126000000",
            "incomeBeforeTax": "1957800000",
            "incomeTaxExpense": "401400000",
            "interestAndDebtExpense": "698700000",
            "netIncomeFromContinuingOperations": "1556400000",
            "comprehensiveIncomeNetOfTax": "1542300000",
            "ebit": "2656500000",
            "ebitda": "2782500000",
            "netIncome": "1556400000"
        }
    ],
    "quarterlyReports": [
        {
            "fiscalDateEnding": "2022-12-31",
            "reportedCurrency": "USD",
            "grossProfit": "58400000",
            "totalRevenue": "1382000000",
            "costOfRevenue": "1323600000",
            "costofGoodsAndServicesSold": "None",
            "operatingIncome": "-418300000",
            "sellingGeneralAndAdministrative": "364400000",
            "researchAndDevelopment": "None",
            "operatingExpenses": "476700000",
            "investmentIncomeNet": "None",
            "netInterestIncome": "534500000",
            "interestIncome": "1170100000",
            "interestExpense": "635600000",
            "nonInterestIncome": "984500000",
            "otherNonOperatingIncome": "None",
            "depreciation": "None",
            "depreciationAndAmortization": "112300000",
            "incomeBeforeTax": "190400000",
            "incomeTaxExpense": "34700000",
            "interestAndDebtExpense": "635600000",
            "netIncomeFromContinuingOperations": "155700000",
            "comprehensiveIncomeNetOfTax": "371500000",
            "ebit": "826000000",
            "ebitda": "938300000",
            "netIncome": "155700000"
        },
        {
            "fiscalDateEnding": "2022-09-30",
            "reportedCurrency": "USD",
            "grossProfit": "581800000",
            "totalRevenue": "1811600000",
            "costOfRevenue": "1229800000",
            "costofGoodsAndServicesSold": "None",
            "operatingIncome": "264700000",
            "sellingGeneralAndAdministrative": "314900000",
            "researchAndDevelopment": "None",
            "operatingExpenses": "317100000",
            "investmentIncomeNet": "None",
            "netInterestIncome": "513000000",
            "interestIncome": "799300000",
            "interestExpense": "286300000",
            "nonInterestIncome": "1241800000",
            "otherNonOperatingIncome": "None",
            "depreciation": "None",
            "depreciationAndAmortization": "2200000",
            "incomeBeforeTax": "524500000",
            "incomeTaxExpense": "129700000",
            "interestAndDebtExpense": "286300000",
            "netIncomeFromContinuingOperations": "394800000",
            "comprehensiveIncomeNetOfTax": "120400000",
            "ebit": "810800000",
            "ebitda": "813000000",
            "netIncome": "394800000"
        },
        {
            "fiscalDateEnding": "2022-06-30",
            "reportedCurrency": "USD",
            "grossProfit": "586200000",
            "totalRevenue": "1809800000",
            "costOfRevenue": "1223600000",
            "costofGoodsAndServicesSold": "None",
            "operatingIncome": "275600000",
            "sellingGeneralAndAdministrative": "308400000",
            "researchAndDevelopment": "None",
            "operatingExpenses": "310600000",
            "investmentIncomeNet": "None",
            "netInterestIncome": "458700000",
            "interestIncome": "524800000",
            "interestExpense": "66100000",
            "nonInterestIncome": "1310000000",
            "otherNonOperatingIncome": "None",
            "depreciation": "None",
            "depreciationAndAmortization": "2200000",
            "incomeBeforeTax": "540600000",
            "incomeTaxExpense": "144400000",
            "interestAndDebtExpense": "66100000",
            "netIncomeFromContinuingOperations": "396200000",
            "comprehensiveIncomeNetOfTax": "-207400000",
            "ebit": "606700000",
            "ebitda": "608900000",
            "netIncome": "396200000"
        },
        {
            "fiscalDateEnding": "2022-03-31",
            "reportedCurrency": "USD",
            "grossProfit": "557200000",
            "totalRevenue": "1757800000",
            "costOfRevenue": "1200600000",
            "costofGoodsAndServicesSold": "None",
            "operatingIncome": "206300000",
            "sellingGeneralAndAdministrative": "348200000",
            "researchAndDevelopment": "None",
            "operatingExpenses": "350900000",
            "investmentIncomeNet": "None",
            "netInterestIncome": "381000000",
            "interestIncome": "383500000",
            "interestExpense": "2500000",
            "nonInterestIncome": "1337700000",
            "otherNonOperatingIncome": "None",
            "depreciation": "None",
            "depreciationAndAmortization": "2700000",
            "incomeBeforeTax": "510800000",
            "incomeTaxExpense": "121500000",
            "interestAndDebtExpense": "2500000",
            "netIncomeFromContinuingOperations": "389300000",
            "comprehensiveIncomeNetOfTax": "-482100000",
            "ebit": "513300000",
            "ebitda": "516000000",
            "netIncome": "389300000"
        },
        {
            "fiscalDateEnding": "2021-12-31",
            "reportedCurrency": "USD",
            "grossProfit": "263000000",
            "totalRevenue": "1425300000",
            "costOfRevenue": "1162300000",
            "costofGoodsAndServicesSold": "None",
            "operatingIncome": "-164900000",
            "sellingGeneralAndAdministrative": "313900000",
            "researchAndDevelopment": "None",
            "operatingExpenses": "427900000",
            "investmentIncomeNet": "None",
            "netInterestIncome": "360600000",
            "interestIncome": "362200000",
            "interestExpense": "1600000",
            "nonInterestIncome": "1306400000",
            "otherNonOperatingIncome": "None",
            "depreciation": "None",
            "depreciationAndAmortization": "114000000",
            "incomeBeforeTax": "509600000",
            "incomeTaxExpense": "103200000",
            "interestAndDebtExpense": "1600000",
            "netIncomeFromContinuingOperations": "406400000",
            "comprehensiveIncomeNetOfTax": "256800000",
            "ebit": "511200000",
            "ebitda": "625200000",
            "netIncome": "406400000"
        },
        {
            "fiscalDateEnding": "2021-09-30",
            "reportedCurrency": "USD",
            "grossProfit": "586500000",
            "totalRevenue": "1709200000",
            "costOfRevenue": "1122700000",
            "costofGoodsAndServicesSold": "None",
            "operatingIncome": "264300000",
            "sellingGeneralAndAdministrative": "318800000",
            "researchAndDevelopment": "None",
            "operatingExpenses": "322200000",
            "investmentIncomeNet": "None",
            "netInterestIncome": "346400000",
            "interestIncome": "351300000",
            "interestExpense": "4900000",
            "nonInterestIncome": "1287400000",
            "otherNonOperatingIncome": "None",
            "depreciation": "None",
            "depreciationAndAmortization": "3400000",
            "incomeBeforeTax": "518100000",
            "incomeTaxExpense": "122400000",
            "interestAndDebtExpense": "4900000",
            "netIncomeFromContinuingOperations": "395700000",
            "comprehensiveIncomeNetOfTax": "315000000",
            "ebit": "523000000",
            "ebitda": "526400000",
            "netIncome": "395700000"
        },
        {
            "fiscalDateEnding": "2021-06-30",
            "reportedCurrency": "USD",
            "grossProfit": "560700000",
            "totalRevenue": "1661700000",
            "costOfRevenue": "1101000000",
            "costofGoodsAndServicesSold": "None",
            "operatingIncome": "249000000",
            "sellingGeneralAndAdministrative": "307800000",
            "researchAndDevelopment": "None",
            "operatingExpenses": "311700000",
            "investmentIncomeNet": "None",
            "netInterestIncome": "335600000",
            "interestIncome": "343100000",
            "interestExpense": "7500000",
            "nonInterestIncome": "1244700000",
            "otherNonOperatingIncome": "None",
            "depreciation": "None",
            "depreciationAndAmortization": "3900000",
            "incomeBeforeTax": "486500000",
            "incomeTaxExpense": "118400000",
            "interestAndDebtExpense": "7500000",
            "netIncomeFromContinuingOperations": "368100000",
            "comprehensiveIncomeNetOfTax": "496900000",
            "ebit": "494000000",
            "ebitda": "497900000",
            "netIncome": "368100000"
        },
        {
            "fiscalDateEnding": "2021-03-31",
            "reportedCurrency": "USD",
            "grossProfit": "577000000",
            "totalRevenue": "1668300000",
            "costOfRevenue": "1091300000",
            "costofGoodsAndServicesSold": "None",
            "operatingIncome": "260300000",
            "sellingGeneralAndAdministrative": "312400000",
            "researchAndDevelopment": "None",
            "operatingExpenses": "316700000",
            "investmentIncomeNet": "None",
            "netInterestIncome": "340100000",
            "interestIncome": "349900000",
            "interestExpense": "9800000",
            "nonInterestIncome": "1243300000",
            "otherNonOperatingIncome": "None",
            "depreciation": "None",
            "depreciationAndAmortization": "4300000",
            "incomeBeforeTax": "495900000",
            "incomeTaxExpense": "120800000",
            "interestAndDebtExpense": "9800000",
            "netIncomeFromContinuingOperations": "375100000",
            "comprehensiveIncomeNetOfTax": "13000000",
            "ebit": "505700000",
            "ebitda": "510000000",
            "netIncome": "375100000"
        },
        {
            "fiscalDateEnding": "2020-12-31",
            "reportedCurrency": "USD",
            "grossProfit": "373100000",
            "totalRevenue": "1504900000",
            "costOfRevenue": "1131800000",
            "costofGoodsAndServicesSold": "None",
            "operatingIncome": "-34300000",
            "sellingGeneralAndAdministrative": "372500000",
            "researchAndDevelopment": "None",
            "operatingExpenses": "407400000",
            "investmentIncomeNet": "None",
            "netInterestIncome": "334400000",
            "interestIncome": "334400000",
            "interestExpense": "0",
            "nonInterestIncome": "1187500000",
            "otherNonOperatingIncome": "None",
            "depreciation": "30600000",
            "depreciationAndAmortization": "34900000",
            "incomeBeforeTax": "373400000",
            "incomeTaxExpense": "132500000",
            "interestAndDebtExpense": "18200000",
            "netIncomeFromContinuingOperations": "240900000",
            "comprehensiveIncomeNetOfTax": "244400000",
            "ebit": "373400000",
            "ebitda": "408300000",
            "netIncome": "240900000"
        },
        {
            "fiscalDateEnding": "2020-09-30",
            "reportedCurrency": "USD",
            "grossProfit": "438600000",
            "totalRevenue": "1538100000",
            "costOfRevenue": "1099500000",
            "costofGoodsAndServicesSold": "None",
            "operatingIncome": "186900000",
            "sellingGeneralAndAdministrative": "251700000",
            "researchAndDevelopment": "None",
            "operatingExpenses": "251700000",
            "investmentIncomeNet": "None",
            "netInterestIncome": "328600000",
            "interestIncome": "355400000",
            "interestExpense": "26800000",
            "nonInterestIncome": "1156500000",
            "otherNonOperatingIncome": "None",
            "depreciation": "28300000",
            "depreciationAndAmortization": "4300000",
            "incomeBeforeTax": "389900000",
            "incomeTaxExpense": "95400000",
            "interestAndDebtExpense": "26800000",
            "netIncomeFromContinuingOperations": "294500000",
            "comprehensiveIncomeNetOfTax": "348600000",
            "ebit": "416700000",
            "ebitda": "421000000",
            "netIncome": "294500000"
        },
        {
            "fiscalDateEnding": "2020-06-30",
            "reportedCurrency": "USD",
            "grossProfit": "399400000",
            "totalRevenue": "1496700000",
            "costOfRevenue": "1097300000",
            "costofGoodsAndServicesSold": "None",
            "operatingIncome": "148100000",
            "sellingGeneralAndAdministrative": "251300000",
            "researchAndDevelopment": "None",
            "operatingExpenses": "251300000",
            "investmentIncomeNet": "None",
            "netInterestIncome": "372100000",
            "interestIncome": "406300000",
            "interestExpense": "34200000",
            "nonInterestIncome": "1134000000",
            "otherNonOperatingIncome": "None",
            "depreciation": "29500000",
            "depreciationAndAmortization": "4200000",
            "incomeBeforeTax": "403200000",
            "incomeTaxExpense": "89900000",
            "interestAndDebtExpense": "34200000",
            "netIncomeFromContinuingOperations": "313300000",
            "comprehensiveIncomeNetOfTax": "638700000",
            "ebit": "437400000",
            "ebitda": "441600000",
            "netIncome": "313300000"
        },
        {
            "fiscalDateEnding": "2020-03-31",
            "reportedCurrency": "USD",
            "grossProfit": "449900000",
            "totalRevenue": "1561100000",
            "costOfRevenue": "1111200000",
            "costofGoodsAndServicesSold": "65600000",
            "operatingIncome": "120000000",
            "sellingGeneralAndAdministrative": "297700000",
            "researchAndDevelopment": "None",
            "operatingExpenses": "329900000",
            "investmentIncomeNet": "None",
            "netInterestIncome": "408100000",
            "interestIncome": "529200000",
            "interestExpense": "121100000",
            "nonInterestIncome": "1179600000",
            "otherNonOperatingIncome": "None",
            "depreciation": "28100000",
            "depreciationAndAmortization": "32200000",
            "incomeBeforeTax": "461100000",
            "incomeTaxExpense": "100500000",
            "interestAndDebtExpense": "121100000",
            "netIncomeFromContinuingOperations": "360600000",
            "comprehensiveIncomeNetOfTax": "600300000",
            "ebit": "582200000",
            "ebitda": "614400000",
            "netIncome": "360600000"
        },
        {
            "fiscalDateEnding": "2019-12-31",
            "reportedCurrency": "USD",
            "grossProfit": "344500000",
            "totalRevenue": "1416800000",
            "costOfRevenue": "1072300000",
            "costofGoodsAndServicesSold": "91300000",
            "operatingIncome": "-112000000",
            "sellingGeneralAndAdministrative": "425700000",
            "researchAndDevelopment": "None",
            "operatingExpenses": "456500000",
            "investmentIncomeNet": "None",
            "netInterestIncome": "420800000",
            "interestIncome": "420800000",
            "interestExpense": "0",
            "nonInterestIncome": "1126900000",
            "otherNonOperatingIncome": "None",
            "depreciation": "26700000",
            "depreciationAndAmortization": "30800000",
            "incomeBeforeTax": "476400000",
            "incomeTaxExpense": "105300000",
            "interestAndDebtExpense": "155300000",
            "netIncomeFromContinuingOperations": "371100000",
            "comprehensiveIncomeNetOfTax": "267400000",
            "ebit": "476400000",
            "ebitda": "507200000",
            "netIncome": "371100000"
        },
        {
            "fiscalDateEnding": "2019-09-30",
            "reportedCurrency": "USD",
            "grossProfit": "555100000",
            "totalRevenue": "1591400000",
            "costOfRevenue": "1036300000",
            "costofGoodsAndServicesSold": "128100000",
            "operatingIncome": "290800000",
            "sellingGeneralAndAdministrative": "264300000",
            "researchAndDevelopment": "None",
            "operatingExpenses": "264300000",
            "investmentIncomeNet": "None",
            "netInterestIncome": "417700000",
            "interestIncome": "620800000",
            "interestExpense": "203100000",
            "nonInterestIncome": "1120200000",
            "otherNonOperatingIncome": "None",
            "depreciation": "26800000",
            "depreciationAndAmortization": "31000000",
            "incomeBeforeTax": "508600000",
            "incomeTaxExpense": "124000000",
            "interestAndDebtExpense": "203100000",
            "netIncomeFromContinuingOperations": "384600000",
            "comprehensiveIncomeNetOfTax": "453400000",
            "ebit": "711700000",
            "ebitda": "742700000",
            "netIncome": "384600000"
        },
        {
            "fiscalDateEnding": "2019-06-30",
            "reportedCurrency": "USD",
            "grossProfit": "547300000",
            "totalRevenue": "1553500000",
            "costOfRevenue": "1006200000",
            "costofGoodsAndServicesSold": "145200000",
            "operatingIncome": "291300000",
            "sellingGeneralAndAdministrative": "256000000",
            "researchAndDevelopment": "None",
            "operatingExpenses": "256000000",
            "investmentIncomeNet": "None",
            "netInterestIncome": "417400000",
            "interestIncome": "640200000",
            "interestExpense": "222800000",
            "nonInterestIncome": "1089200000",
            "otherNonOperatingIncome": "None",
            "depreciation": "24800000",
            "depreciationAndAmortization": "28900000",
            "incomeBeforeTax": "506900000",
            "incomeTaxExpense": "117500000",
            "interestAndDebtExpense": "222800000",
            "netIncomeFromContinuingOperations": "389400000",
            "comprehensiveIncomeNetOfTax": "574900000",
            "ebit": "729700000",
            "ebitda": "758600000",
            "netIncome": "389400000"
        },
        {
            "fiscalDateEnding": "2019-03-31",
            "reportedCurrency": "USD",
            "grossProfit": "481200000",
            "totalRevenue": "1509900000",
            "costOfRevenue": "1028700000",
            "costofGoodsAndServicesSold": "165000000",
            "operatingIncome": "156800000",
            "sellingGeneralAndAdministrative": "295300000",
            "researchAndDevelopment": "None",
            "operatingExpenses": "324400000",
            "investmentIncomeNet": "None",
            "netInterestIncome": "422000000",
            "interestIncome": "662800000",
            "interestExpense": "240800000",
            "nonInterestIncome": "1058900000",
            "otherNonOperatingIncome": "None",
            "depreciation": "24900000",
            "depreciationAndAmortization": "29100000",
            "incomeBeforeTax": "452200000",
            "incomeTaxExpense": "105100000",
            "interestAndDebtExpense": "240800000",
            "netIncomeFromContinuingOperations": "347100000",
            "comprehensiveIncomeNetOfTax": "455500000",
            "ebit": "693000000",
            "ebitda": "722100000",
            "netIncome": "347100000"
        },
        {
            "fiscalDateEnding": "2018-12-31",
            "reportedCurrency": "USD",
            "grossProfit": "384300000",
            "totalRevenue": "1406200000",
            "costOfRevenue": "1021900000",
            "costofGoodsAndServicesSold": "227400000",
            "operatingIncome": "-137700000",
            "sellingGeneralAndAdministrative": "477900000",
            "researchAndDevelopment": "None",
            "operatingExpenses": "522000000",
            "investmentIncomeNet": "None",
            "netInterestIncome": "417200000",
            "interestIncome": "417200000",
            "interestExpense": "0",
            "nonInterestIncome": "1086600000",
            "otherNonOperatingIncome": "-1000000",
            "depreciation": "26700000",
            "depreciationAndAmortization": "44100000",
            "incomeBeforeTax": "485900000",
            "incomeTaxExpense": "76000000",
            "interestAndDebtExpense": "231400000",
            "netIncomeFromContinuingOperations": "409900000",
            "comprehensiveIncomeNetOfTax": "483100000",
            "ebit": "485900000",
            "ebitda": "530000000",
            "netIncome": "409900000"
        },
        {
            "fiscalDateEnding": "2018-09-30",
            "reportedCurrency": "USD",
            "grossProfit": "501900000",
            "totalRevenue": "1504200000",
            "costOfRevenue": "1002300000",
            "costofGoodsAndServicesSold": "182000000",
            "operatingIncome": "244500000",
            "sellingGeneralAndAdministrative": "257400000",
            "researchAndDevelopment": "None",
            "operatingExpenses": "257400000",
            "investmentIncomeNet": "None",
            "netInterestIncome": "408200000",
            "interestIncome": "599200000",
            "interestExpense": "191000000",
            "nonInterestIncome": "1066100000",
            "otherNonOperatingIncome": "None",
            "depreciation": "26700000",
            "depreciationAndAmortization": "26700000",
            "incomeBeforeTax": "481000000",
            "incomeTaxExpense": "106500000",
            "interestAndDebtExpense": "191000000",
            "netIncomeFromContinuingOperations": "374500000",
            "comprehensiveIncomeNetOfTax": "355700000",
            "ebit": "672000000",
            "ebitda": "698700000",
            "netIncome": "374500000"
        },
        {
            "fiscalDateEnding": "2018-06-30",
            "reportedCurrency": "USD",
            "grossProfit": "538600000",
            "totalRevenue": "1536000000",
            "costOfRevenue": "997400000",
            "costofGoodsAndServicesSold": "155900000",
            "operatingIncome": "271000000",
            "sellingGeneralAndAdministrative": "267600000",
            "researchAndDevelopment": "None",
            "operatingExpenses": "267600000",
            "investmentIncomeNet": "None",
            "netInterestIncome": "413300000",
            "interestIncome": "567700000",
            "interestExpense": "154400000",
            "nonInterestIncome": "1092800000",
            "otherNonOperatingIncome": "None",
            "depreciation": "27400000",
            "depreciationAndAmortization": "27400000",
            "incomeBeforeTax": "507200000",
            "incomeTaxExpense": "116800000",
            "interestAndDebtExpense": "154400000",
            "netIncomeFromContinuingOperations": "390400000",
            "comprehensiveIncomeNetOfTax": "388000000",
            "ebit": "661600000",
            "ebitda": "689000000",
            "netIncome": "390400000"
        },
        {
            "fiscalDateEnding": "2018-03-31",
            "reportedCurrency": "USD",
            "grossProfit": "518500000",
            "totalRevenue": "1513800000",
            "costOfRevenue": "995300000",
            "costofGoodsAndServicesSold": "118900000",
            "operatingIncome": "211300000",
            "sellingGeneralAndAdministrative": "279400000",
            "researchAndDevelopment": "None",
            "operatingExpenses": "307200000",
            "investmentIncomeNet": "None",
            "netInterestIncome": "384000000",
            "interestIncome": "505900000",
            "interestExpense": "121900000",
            "nonInterestIncome": "1092000000",
            "otherNonOperatingIncome": "None",
            "depreciation": "27800000",
            "depreciationAndAmortization": "27800000",
            "incomeBeforeTax": "483700000",
            "incomeTaxExpense": "102100000",
            "interestAndDebtExpense": "121900000",
            "netIncomeFromContinuingOperations": "381600000",
            "comprehensiveIncomeNetOfTax": "315500000",
            "ebit": "605600000",
            "ebitda": "633400000",
            "netIncome": "381600000"
        }
    ]
}