{
    "symbol": "OKE",
    "annualReports": [
        {
            "fiscalDateEnding": "2022-12-31",
            "reportedCurrency": "USD",
            "grossProfit": "4477026000",
            "totalRevenue": "22386892000",
            "costOfRevenue": "17909866000",
            "costofGoodsAndServicesSold": "1149704000",
            "operatingIncome": "2807419000",
            "sellingGeneralAndAdministrative": "244258000",
            "researchAndDevelopment": "None",
            "operatingExpenses": "1212904000",
            "investmentIncomeNet": "None",
            "netInterestIncome": "-675946000",
            "interestIncome": "528226000",
            "interestExpense": "675946000",
            "nonInterestIncome": "None",
            "otherNonOperatingIncome": "-32099000",
            "depreciation": "None",
            "depreciationAndAmortization": "10400000",
            "incomeBeforeTax": "2249645000",
            "incomeTaxExpense": "527424000",
            "interestAndDebtExpense": "675946000",
            "netIncomeFromContinuingOperations": "1722221000",
            "comprehensiveIncomeNetOfTax": "2085316000",
            "ebit": "2807419000",
            "ebitda": "2935991000",
            "netIncome": "1722221000"
        },
        {
            "fiscalDateEnding": "2021-12-31",
            "reportedCurrency": "USD",
            "grossProfit": "4283654000",
            "totalRevenue": "16540309000",
            "costOfRevenue": "12256655000",
            "costofGoodsAndServicesSold": "1067088000",
            "operatingIncome": "2596259000",
            "sellingGeneralAndAdministrative": "220768000",
            "researchAndDevelopment": "None",
            "operatingExpenses": "1130194000",
            "investmentIncomeNet": "None",
            "netInterestIncome": "-732924000",
            "interestIncome": "610404000",
            "interestExpense": "732924000",
            "nonInterestIncome": "1394000",
            "otherNonOperatingIncome": "-3333000",
            "depreciation": "None",
            "depreciationAndAmortization": "10400000",
            "incomeBeforeTax": "1984204000",
            "incomeTaxExpense": "484498000",
            "interestAndDebtExpense": "732924000",
            "netIncomeFromContinuingOperations": "1499706000",
            "comprehensiveIncomeNetOfTax": "1579804000",
            "ebit": "2596259000",
            "ebitda": "2727528000",
            "netIncome": "1499706000"
        },
        {
            "fiscalDateEnding": "2020-12-31",
            "reportedCurrency": "USD",
            "grossProfit": "3432096000",
            "totalRevenue": "8542242000",
            "costOfRevenue": "5110146000",
            "costofGoodsAndServicesSold": "886204000",
            "operatingIncome": "1361357000",
            "sellingGeneralAndAdministrative": "154428000",
            "researchAndDevelopment": "None",
            "operatingExpenses": "1570007000",
            "investmentIncomeNet": "None",
            "netInterestIncome": "-712886000",
            "interestIncome": "569645000",
            "interestExpense": "712886000",
            "nonInterestIncome": "23627000",
            "otherNonOperatingIncome": "24672000",
            "depreciation": "None",
            "depreciationAndAmortization": "10800000",
            "incomeBeforeTax": "802316000",
            "incomeTaxExpense": "189507000",
            "interestAndDebtExpense": "690586000",
            "netIncomeFromContinuingOperations": "612809000",
            "comprehensiveIncomeNetOfTax": "435360000",
            "ebit": "1515202000",
            "ebitda": "1526002000",
            "netIncome": "612809000"
        },
        {
            "fiscalDateEnding": "2019-12-31",
            "reportedCurrency": "USD",
            "grossProfit": "3376327000",
            "totalRevenue": "10164367000",
            "costOfRevenue": "6788040000",
            "costofGoodsAndServicesSold": "982864000",
            "operatingIncome": "1914353000",
            "sellingGeneralAndAdministrative": "165656000",
            "researchAndDevelopment": "None",
            "operatingExpenses": "1043839000",
            "investmentIncomeNet": "None",
            "netInterestIncome": "-491773000",
            "interestIncome": "337232000",
            "interestExpense": "491773000",
            "nonInterestIncome": "-2575000",
            "otherNonOperatingIncome": "9055000",
            "depreciation": "None",
            "depreciationAndAmortization": "11900000",
            "incomeBeforeTax": "1650991000",
            "incomeTaxExpense": "372414000",
            "interestAndDebtExpense": "491773000",
            "netIncomeFromContinuingOperations": "1278577000",
            "comprehensiveIncomeNetOfTax": "1092816000",
            "ebit": "2142764000",
            "ebitda": "2154664000",
            "netIncome": "1278577000"
        },
        {
            "fiscalDateEnding": "2018-12-31",
            "reportedCurrency": "USD",
            "grossProfit": "3170488000",
            "totalRevenue": "12593196000",
            "costOfRevenue": "9422708000",
            "costofGoodsAndServicesSold": "907068000",
            "operatingIncome": "1835464000",
            "sellingGeneralAndAdministrative": "129522000",
            "researchAndDevelopment": "None",
            "operatingExpenses": "943967000",
            "investmentIncomeNet": "None",
            "netInterestIncome": "-469620000",
            "interestIncome": "311237000",
            "interestExpense": "469620000",
            "nonInterestIncome": "601000",
            "otherNonOperatingIncome": "-14254000",
            "depreciation": "None",
            "depreciationAndAmortization": "11900000",
            "incomeBeforeTax": "1514606000",
            "incomeTaxExpense": "362903000",
            "interestAndDebtExpense": "469620000",
            "netIncomeFromContinuingOperations": "1150603000",
            "comprehensiveIncomeNetOfTax": "1190095000",
            "ebit": "1984226000",
            "ebitda": "1996126000",
            "netIncome": "1151703000"
        }
    ],
    "quarterlyReports": [
        {
            "fiscalDateEnding": "2022-12-31",
            "reportedCurrency": "USD",
            "grossProfit": "1138786000",
            "totalRevenue": "5032031000",
            "costOfRevenue": "3893245000",
            "costofGoodsAndServicesSold": "322139000",
            "operatingIncome": "756812000",
            "sellingGeneralAndAdministrative": "100200000",
            "researchAndDevelopment": "None",
            "operatingExpenses": "385339000",
            "investmentIncomeNet": "None",
            "netInterestIncome": "-166202000",
            "interestIncome": "129632000",
            "interestExpense": "166202000",
            "nonInterestIncome": "None",
            "otherNonOperatingIncome": "-957000",
            "depreciation": "None",
            "depreciationAndAmortization": "193028000",
            "incomeBeforeTax": "627075000",
            "incomeTaxExpense": "142154000",
            "interestAndDebtExpense": "166202000",
            "netIncomeFromContinuingOperations": "484921000",
            "comprehensiveIncomeNetOfTax": "576138000",
            "ebit": "756812000",
            "ebitda": "949840000",
            "netIncome": "484921000"
        },
        {
            "fiscalDateEnding": "2022-09-30",
            "reportedCurrency": "USD",
            "grossProfit": "1140857000",
            "totalRevenue": "5913531000",
            "costOfRevenue": "4772674000",
            "costofGoodsAndServicesSold": "286184000",
            "operatingIncome": "699201000",
            "sellingGeneralAndAdministrative": "47770000",
            "researchAndDevelopment": "None",
            "operatingExpenses": "286184000",
            "investmentIncomeNet": "None",
            "netInterestIncome": "-166939000",
            "interestIncome": "127759000",
            "interestExpense": "166939000",
            "nonInterestIncome": "None",
            "otherNonOperatingIncome": "-8296000",
            "depreciation": "None",
            "depreciationAndAmortization": "187986000",
            "incomeBeforeTax": "563880000",
            "incomeTaxExpense": "132129000",
            "interestAndDebtExpense": "166939000",
            "netIncomeFromContinuingOperations": "431751000",
            "comprehensiveIncomeNetOfTax": "599033000",
            "ebit": "699201000",
            "ebitda": "887187000",
            "netIncome": "431751000"
        },
        {
            "fiscalDateEnding": "2022-06-30",
            "reportedCurrency": "USD",
            "grossProfit": "1118722000",
            "totalRevenue": "5996721000",
            "costOfRevenue": "4877999000",
            "costofGoodsAndServicesSold": "277464000",
            "operatingIncome": "688950000",
            "sellingGeneralAndAdministrative": "46777000",
            "researchAndDevelopment": "None",
            "operatingExpenses": "277464000",
            "investmentIncomeNet": "None",
            "netInterestIncome": "-170751000",
            "interestIncome": "135121000",
            "interestExpense": "170751000",
            "nonInterestIncome": "None",
            "otherNonOperatingIncome": "-9324000",
            "depreciation": "None",
            "depreciationAndAmortization": "184063000",
            "incomeBeforeTax": "545099000",
            "incomeTaxExpense": "130721000",
            "interestAndDebtExpense": "170751000",
            "netIncomeFromContinuingOperations": "414378000",
            "comprehensiveIncomeNetOfTax": "515295000",
            "ebit": "688950000",
            "ebitda": "873013000",
            "netIncome": "414378000"
        },
        {
            "fiscalDateEnding": "2022-03-31",
            "reportedCurrency": "USD",
            "grossProfit": "1078661000",
            "totalRevenue": "5444609000",
            "costOfRevenue": "4365948000",
            "costofGoodsAndServicesSold": "263917000",
            "operatingIncome": "662456000",
            "sellingGeneralAndAdministrative": "49511000",
            "researchAndDevelopment": "None",
            "operatingExpenses": "262347000",
            "investmentIncomeNet": "None",
            "netInterestIncome": "-172054000",
            "interestIncome": "135714000",
            "interestExpense": "172054000",
            "nonInterestIncome": "1570000",
            "otherNonOperatingIncome": "-13522000",
            "depreciation": "None",
            "depreciationAndAmortization": "175106000",
            "incomeBeforeTax": "513591000",
            "incomeTaxExpense": "122420000",
            "interestAndDebtExpense": "172054000",
            "netIncomeFromContinuingOperations": "391171000",
            "comprehensiveIncomeNetOfTax": "394850000",
            "ebit": "662456000",
            "ebitda": "837562000",
            "netIncome": "391171000"
        },
        {
            "fiscalDateEnding": "2021-12-31",
            "reportedCurrency": "USD",
            "grossProfit": "1101452000",
            "totalRevenue": "5420491000",
            "costOfRevenue": "4319039000",
            "costofGoodsAndServicesSold": "296115000",
            "operatingIncome": "652167000",
            "sellingGeneralAndAdministrative": "94636000",
            "researchAndDevelopment": "None",
            "operatingExpenses": "360667000",
            "investmentIncomeNet": "None",
            "netInterestIncome": "-178395000",
            "interestIncome": "143488000",
            "interestExpense": "178395000",
            "nonInterestIncome": "-52000",
            "otherNonOperatingIncome": "895000",
            "depreciation": "None",
            "depreciationAndAmortization": "188972000",
            "incomeBeforeTax": "509771000",
            "incomeTaxExpense": "130398000",
            "interestAndDebtExpense": "178395000",
            "netIncomeFromContinuingOperations": "379373000",
            "comprehensiveIncomeNetOfTax": "569858000",
            "ebit": "652167000",
            "ebitda": "841139000",
            "netIncome": "379373000"
        },
        {
            "fiscalDateEnding": "2021-09-30",
            "reportedCurrency": "USD",
            "grossProfit": "1087048000",
            "totalRevenue": "4536175000",
            "costOfRevenue": "3449127000",
            "costofGoodsAndServicesSold": "265117000",
            "operatingIncome": "667859000",
            "sellingGeneralAndAdministrative": "39753000",
            "researchAndDevelopment": "None",
            "operatingExpenses": "264647000",
            "investmentIncomeNet": "None",
            "netInterestIncome": "-184049000",
            "interestIncome": "155476000",
            "interestExpense": "184049000",
            "nonInterestIncome": "470000",
            "otherNonOperatingIncome": "1287000",
            "depreciation": "None",
            "depreciationAndAmortization": "183932000",
            "incomeBeforeTax": "513917000",
            "incomeTaxExpense": "121899000",
            "interestAndDebtExpense": "184049000",
            "netIncomeFromContinuingOperations": "392018000",
            "comprehensiveIncomeNetOfTax": "331625000",
            "ebit": "667859000",
            "ebitda": "851791000",
            "netIncome": "392018000"
        },
        {
            "fiscalDateEnding": "2021-06-30",
            "reportedCurrency": "USD",
            "grossProfit": "1021985000",
            "totalRevenue": "3388964000",
            "costOfRevenue": "2366979000",
            "costofGoodsAndServicesSold": "254259000",
            "operatingIncome": "611512000",
            "sellingGeneralAndAdministrative": "41940000",
            "researchAndDevelopment": "None",
            "operatingExpenses": "253552000",
            "investmentIncomeNet": "None",
            "netInterestIncome": "-184957000",
            "interestIncome": "159237000",
            "interestExpense": "184957000",
            "nonInterestIncome": "707000",
            "otherNonOperatingIncome": "-493000",
            "depreciation": "None",
            "depreciationAndAmortization": "181441000",
            "incomeBeforeTax": "452208000",
            "incomeTaxExpense": "110069000",
            "interestAndDebtExpense": "184957000",
            "netIncomeFromContinuingOperations": "342139000",
            "comprehensiveIncomeNetOfTax": "206292000",
            "ebit": "611512000",
            "ebitda": "792953000",
            "netIncome": "342139000"
        },
        {
            "fiscalDateEnding": "2021-03-31",
            "reportedCurrency": "USD",
            "grossProfit": "1073169000",
            "totalRevenue": "3194679000",
            "costOfRevenue": "2121510000",
            "costofGoodsAndServicesSold": "251597000",
            "operatingIncome": "664721000",
            "sellingGeneralAndAdministrative": "44439000",
            "researchAndDevelopment": "None",
            "operatingExpenses": "251328000",
            "investmentIncomeNet": "None",
            "netInterestIncome": "-185523000",
            "interestIncome": "152203000",
            "interestExpense": "185523000",
            "nonInterestIncome": "269000",
            "otherNonOperatingIncome": "-5022000",
            "depreciation": "None",
            "depreciationAndAmortization": "185149000",
            "incomeBeforeTax": "508308000",
            "incomeTaxExpense": "122132000",
            "interestAndDebtExpense": "185523000",
            "netIncomeFromContinuingOperations": "386176000",
            "comprehensiveIncomeNetOfTax": "472029000",
            "ebit": "664721000",
            "ebitda": "849870000",
            "netIncome": "386176000"
        },
        {
            "fiscalDateEnding": "2020-12-31",
            "reportedCurrency": "USD",
            "grossProfit": "943491000",
            "totalRevenue": "2570577000",
            "costOfRevenue": "1627086000",
            "costofGoodsAndServicesSold": "249771000",
            "operatingIncome": "538663000",
            "sellingGeneralAndAdministrative": "56777000",
            "researchAndDevelopment": "None",
            "operatingExpenses": "292380000",
            "investmentIncomeNet": "None",
            "netInterestIncome": "-176931000",
            "interestIncome": "141691000",
            "interestExpense": "176931000",
            "nonInterestIncome": "867000",
            "otherNonOperatingIncome": "4949000",
            "depreciation": "None",
            "depreciationAndAmortization": "195246000",
            "incomeBeforeTax": "403236000",
            "incomeTaxExpense": "95207000",
            "interestAndDebtExpense": "176831000",
            "netIncomeFromContinuingOperations": "538663000",
            "comprehensiveIncomeNetOfTax": "287198000",
            "ebit": "538663000",
            "ebitda": "733909000",
            "netIncome": "308029000"
        },
        {
            "fiscalDateEnding": "2020-09-30",
            "reportedCurrency": "USD",
            "grossProfit": "908590000",
            "totalRevenue": "2174264000",
            "costOfRevenue": "1265674000",
            "costofGoodsAndServicesSold": "204929000",
            "operatingIncome": "550433000",
            "sellingGeneralAndAdministrative": "31381000",
            "researchAndDevelopment": "None",
            "operatingExpenses": "204912000",
            "investmentIncomeNet": "None",
            "netInterestIncome": "-176371000",
            "interestIncome": "138325000",
            "interestExpense": "176371000",
            "nonInterestIncome": "2217000",
            "otherNonOperatingIncome": "3679000",
            "depreciation": "None",
            "depreciationAndAmortization": "194953000",
            "incomeBeforeTax": "418871000",
            "incomeTaxExpense": "106555000",
            "interestAndDebtExpense": "174171000",
            "netIncomeFromContinuingOperations": "312316000",
            "comprehensiveIncomeNetOfTax": "306601000",
            "ebit": "550433000",
            "ebitda": "745386000",
            "netIncome": "312316000"
        },
        {
            "fiscalDateEnding": "2020-06-30",
            "reportedCurrency": "USD",
            "grossProfit": "720271000",
            "totalRevenue": "1660729000",
            "costOfRevenue": "940458000",
            "costofGoodsAndServicesSold": "224464000",
            "operatingIncome": "355730000",
            "sellingGeneralAndAdministrative": "34326000",
            "researchAndDevelopment": "None",
            "operatingExpenses": "224125000",
            "investmentIncomeNet": "None",
            "netInterestIncome": "-218968000",
            "interestIncome": "193640000",
            "interestExpense": "218968000",
            "nonInterestIncome": "4639000",
            "otherNonOperatingIncome": "11517000",
            "depreciation": "None",
            "depreciationAndAmortization": "176922000",
            "incomeBeforeTax": "177461000",
            "incomeTaxExpense": "43140000",
            "interestAndDebtExpense": "214668000",
            "netIncomeFromContinuingOperations": "134321000",
            "comprehensiveIncomeNetOfTax": "108804000",
            "ebit": "355730000",
            "ebitda": "532652000",
            "netIncome": "134321000"
        },
        {
            "fiscalDateEnding": "2020-03-31",
            "reportedCurrency": "USD",
            "grossProfit": "859744000",
            "totalRevenue": "2136672000",
            "costOfRevenue": "1276928000",
            "costofGoodsAndServicesSold": "207040000",
            "operatingIncome": "-83469000",
            "sellingGeneralAndAdministrative": "31944000",
            "researchAndDevelopment": "None",
            "operatingExpenses": "848590000",
            "investmentIncomeNet": "None",
            "netInterestIncome": "-140616000",
            "interestIncome": "95989000",
            "interestExpense": "140616000",
            "nonInterestIncome": "16004000",
            "otherNonOperatingIncome": "4527000",
            "depreciation": "None",
            "depreciationAndAmortization": "132353000",
            "incomeBeforeTax": "-197252000",
            "incomeTaxExpense": "-55395000",
            "interestAndDebtExpense": "124816000",
            "netIncomeFromContinuingOperations": "-141857000",
            "comprehensiveIncomeNetOfTax": "-267243000",
            "ebit": "-83469000",
            "ebitda": "701858000",
            "netIncome": "-141857000"
        },
        {
            "fiscalDateEnding": "2019-12-31",
            "reportedCurrency": "USD",
            "grossProfit": "872265000",
            "totalRevenue": "2663606000",
            "costOfRevenue": "1791341000",
            "costofGoodsAndServicesSold": "259275000",
            "operatingIncome": "487314000",
            "sellingGeneralAndAdministrative": "74399000",
            "researchAndDevelopment": "None",
            "operatingExpenses": "317368000",
            "investmentIncomeNet": "None",
            "netInterestIncome": "-129283000",
            "interestIncome": "89917000",
            "interestExpense": "129283000",
            "nonInterestIncome": "307000",
            "otherNonOperatingIncome": "1394000",
            "depreciation": "None",
            "depreciationAndAmortization": "166436000",
            "incomeBeforeTax": "418431000",
            "incomeTaxExpense": "98180000",
            "interestAndDebtExpense": "129283000",
            "netIncomeFromContinuingOperations": "487314000",
            "comprehensiveIncomeNetOfTax": "367355000",
            "ebit": "547714000",
            "ebitda": "653750000",
            "netIncome": "320251000"
        },
        {
            "fiscalDateEnding": "2019-09-30",
            "reportedCurrency": "USD",
            "grossProfit": "848700000",
            "totalRevenue": "2263228000",
            "costOfRevenue": "1414528000",
            "costofGoodsAndServicesSold": "245135000",
            "operatingIncome": "482151000",
            "sellingGeneralAndAdministrative": "26830000",
            "researchAndDevelopment": "None",
            "operatingExpenses": "245119000",
            "investmentIncomeNet": "None",
            "netInterestIncome": "-129577000",
            "interestIncome": "92001000",
            "interestExpense": "129577000",
            "nonInterestIncome": "16000",
            "otherNonOperatingIncome": "578000",
            "depreciation": "None",
            "depreciationAndAmortization": "159568000",
            "incomeBeforeTax": "406520000",
            "incomeTaxExpense": "97365000",
            "interestAndDebtExpense": "129577000",
            "netIncomeFromContinuingOperations": "309155000",
            "comprehensiveIncomeNetOfTax": "224447000",
            "ebit": "536097000",
            "ebitda": "641719000",
            "netIncome": "309155000"
        },
        {
            "fiscalDateEnding": "2019-06-30",
            "reportedCurrency": "USD",
            "grossProfit": "831781000",
            "totalRevenue": "2457575000",
            "costOfRevenue": "1625794000",
            "costofGoodsAndServicesSold": "237713000",
            "operatingIncome": "476146000",
            "sellingGeneralAndAdministrative": "30937000",
            "researchAndDevelopment": "None",
            "operatingExpenses": "240671000",
            "investmentIncomeNet": "None",
            "netInterestIncome": "-117493000",
            "interestIncome": "83375000",
            "interestExpense": "117493000",
            "nonInterestIncome": "-2958000",
            "otherNonOperatingIncome": "1185000",
            "depreciation": "None",
            "depreciationAndAmortization": "153225000",
            "incomeBeforeTax": "410898000",
            "incomeTaxExpense": "98935000",
            "interestAndDebtExpense": "117493000",
            "netIncomeFromContinuingOperations": "311963000",
            "comprehensiveIncomeNetOfTax": "245091000",
            "ebit": "528391000",
            "ebitda": "629371000",
            "netIncome": "311963000"
        },
        {
            "fiscalDateEnding": "2019-03-31",
            "reportedCurrency": "USD",
            "grossProfit": "823581000",
            "totalRevenue": "2779958000",
            "costOfRevenue": "1956377000",
            "costofGoodsAndServicesSold": "240741000",
            "operatingIncome": "468742000",
            "sellingGeneralAndAdministrative": "33490000",
            "researchAndDevelopment": "None",
            "operatingExpenses": "240681000",
            "investmentIncomeNet": "None",
            "netInterestIncome": "-115420000",
            "interestIncome": "None",
            "interestExpense": "115420000",
            "nonInterestIncome": "60000",
            "otherNonOperatingIncome": "5898000",
            "depreciation": "None",
            "depreciationAndAmortization": "163477000",
            "incomeBeforeTax": "415142000",
            "incomeTaxExpense": "77934000",
            "interestAndDebtExpense": "115420000",
            "netIncomeFromContinuingOperations": "337208000",
            "comprehensiveIncomeNetOfTax": "255923000",
            "ebit": "530562000",
            "ebitda": "632219000",
            "netIncome": "337208000"
        },
        {
            "fiscalDateEnding": "2018-12-31",
            "reportedCurrency": "USD",
            "grossProfit": "818601000",
            "totalRevenue": "3136700000",
            "costOfRevenue": "2318099000",
            "costofGoodsAndServicesSold": "236340000",
            "operatingIncome": "471865000",
            "sellingGeneralAndAdministrative": "48259000",
            "researchAndDevelopment": "None",
            "operatingExpenses": "273587000",
            "investmentIncomeNet": "None",
            "netInterestIncome": "-118489000",
            "interestIncome": "None",
            "interestExpense": "118489000",
            "nonInterestIncome": "253000",
            "otherNonOperatingIncome": "-10817000",
            "depreciation": "None",
            "depreciationAndAmortization": "141892000",
            "incomeBeforeTax": "389506000",
            "incomeTaxExpense": "96618000",
            "interestAndDebtExpense": "118489000",
            "netIncomeFromContinuingOperations": "288459000",
            "comprehensiveIncomeNetOfTax": "262787000",
            "ebit": "507995000",
            "ebitda": "613757000",
            "netIncome": "292888000"
        },
        {
            "fiscalDateEnding": "2018-09-30",
            "reportedCurrency": "USD",
            "grossProfit": "833125000",
            "totalRevenue": "3393890000",
            "costOfRevenue": "2560765000",
            "costofGoodsAndServicesSold": "230371000",
            "operatingIncome": "495534000",
            "sellingGeneralAndAdministrative": "24124000",
            "researchAndDevelopment": "None",
            "operatingExpenses": "230208000",
            "investmentIncomeNet": "None",
            "netInterestIncome": "-121910000",
            "interestIncome": "None",
            "interestExpense": "121910000",
            "nonInterestIncome": "163000",
            "otherNonOperatingIncome": "1668000",
            "depreciation": "None",
            "depreciationAndAmortization": "148201000",
            "incomeBeforeTax": "416242000",
            "incomeTaxExpense": "102983000",
            "interestAndDebtExpense": "121910000",
            "netIncomeFromContinuingOperations": "313916000",
            "comprehensiveIncomeNetOfTax": "333710000",
            "ebit": "538152000",
            "ebitda": "643735000",
            "netIncome": "313259000"
        },
        {
            "fiscalDateEnding": "2018-06-30",
            "reportedCurrency": "USD",
            "grossProfit": "784711000",
            "totalRevenue": "2960529000",
            "costOfRevenue": "2175818000",
            "costofGoodsAndServicesSold": "230153000",
            "operatingIncome": "448366000",
            "sellingGeneralAndAdministrative": "28116000",
            "researchAndDevelopment": "None",
            "operatingExpenses": "230057000",
            "investmentIncomeNet": "None",
            "netInterestIncome": "-113496000",
            "interestIncome": "None",
            "interestExpense": "113496000",
            "nonInterestIncome": "96000",
            "otherNonOperatingIncome": "-2534000",
            "depreciation": "None",
            "depreciationAndAmortization": "140228000",
            "incomeBeforeTax": "368579000",
            "incomeTaxExpense": "87531000",
            "interestAndDebtExpense": "113496000",
            "netIncomeFromContinuingOperations": "282179000",
            "comprehensiveIncomeNetOfTax": "277151000",
            "ebit": "482075000",
            "ebitda": "588594000",
            "netIncome": "281048000"
        },
        {
            "fiscalDateEnding": "2018-03-31",
            "reportedCurrency": "USD",
            "grossProfit": "734051000",
            "totalRevenue": "3102077000",
            "costOfRevenue": "2368026000",
            "costofGoodsAndServicesSold": "210204000",
            "operatingIncome": "419699000",
            "sellingGeneralAndAdministrative": "29023000",
            "researchAndDevelopment": "None",
            "operatingExpenses": "210115000",
            "investmentIncomeNet": "None",
            "netInterestIncome": "-115725000",
            "interestIncome": "None",
            "interestExpense": "115725000",
            "nonInterestIncome": "89000",
            "otherNonOperatingIncome": "-2571000",
            "depreciation": "None",
            "depreciationAndAmortization": "141764000",
            "incomeBeforeTax": "340279000",
            "incomeTaxExpense": "75771000",
            "interestAndDebtExpense": "115725000",
            "netIncomeFromContinuingOperations": "266049000",
            "comprehensiveIncomeNetOfTax": "316447000",
            "ebit": "456004000",
            "ebitda": "561463000",
            "netIncome": "264508000"
        }
    ]
}