{
    "symbol": "PNW",
    "annualReports": [
        {
            "fiscalDateEnding": "2022-12-31",
            "reportedCurrency": "USD",
            "grossProfit": "1621477000",
            "totalRevenue": "4324385000",
            "costOfRevenue": "2702908000",
            "costofGoodsAndServicesSold": "2382538000",
            "operatingIncome": "731911000",
            "sellingGeneralAndAdministrative": "236370000",
            "researchAndDevelopment": "None",
            "operatingExpenses": "339870000",
            "investmentIncomeNet": "7326000",
            "netInterestIncome": "-255539000",
            "interestIncome": "223487000",
            "interestExpense": "255539000",
            "nonInterestIncome": "4324385000",
            "otherNonOperatingIncome": "-44469000",
            "depreciation": "632000000",
            "depreciationAndAmortization": "84000000",
            "incomeBeforeTax": "558429000",
            "incomeTaxExpense": "74827000",
            "interestAndDebtExpense": "255539000",
            "netIncomeFromContinuingOperations": "756365000",
            "comprehensiveIncomeNetOfTax": "507028000",
            "ebit": "731911000",
            "ebitda": "897968000",
            "netIncome": "483602000"
        },
        {
            "fiscalDateEnding": "2021-12-31",
            "reportedCurrency": "USD",
            "grossProfit": "1667770000",
            "totalRevenue": "3803835000",
            "costOfRevenue": "2136065000",
            "costofGoodsAndServicesSold": "1803426000",
            "operatingIncome": "805310000",
            "sellingGeneralAndAdministrative": "252639000",
            "researchAndDevelopment": "None",
            "operatingExpenses": "361283000",
            "investmentIncomeNet": "6726000",
            "netInterestIncome": "-233262000",
            "interestIncome": "186166000",
            "interestExpense": "233262000",
            "nonInterestIncome": "3803835000",
            "otherNonOperatingIncome": "19704000",
            "depreciation": "575000000",
            "depreciationAndAmortization": "80000000",
            "incomeBeforeTax": "728806000",
            "incomeTaxExpense": "110086000",
            "interestAndDebtExpense": "233262000",
            "netIncomeFromContinuingOperations": "869206000",
            "comprehensiveIncomeNetOfTax": "626655000",
            "ebit": "805310000",
            "ebitda": "1042068000",
            "netIncome": "618720000"
        },
        {
            "fiscalDateEnding": "2020-12-31",
            "reportedCurrency": "USD",
            "grossProfit": "1666350000",
            "totalRevenue": "3586982000",
            "costOfRevenue": "1920632000",
            "costofGoodsAndServicesSold": "1607797000",
            "operatingIncome": "788152000",
            "sellingGeneralAndAdministrative": "242835000",
            "researchAndDevelopment": "None",
            "operatingExpenses": "340756000",
            "investmentIncomeNet": "12210000",
            "netInterestIncome": "-228971000",
            "interestIncome": "12210000",
            "interestExpense": "228971000",
            "nonInterestIncome": "3586982000",
            "otherNonOperatingIncome": "-1073000",
            "depreciation": "553000000",
            "depreciationAndAmortization": "70000000",
            "incomeBeforeTax": "628732000",
            "incomeTaxExpense": "78173000",
            "interestAndDebtExpense": "228971000",
            "netIncomeFromContinuingOperations": "799023000",
            "comprehensiveIncomeNetOfTax": "544859000",
            "ebit": "788152000",
            "ebitda": "927703000",
            "netIncome": "550559000"
        },
        {
            "fiscalDateEnding": "2019-12-31",
            "reportedCurrency": "USD",
            "grossProfit": "1535464000",
            "totalRevenue": "3471209000",
            "costOfRevenue": "1935745000",
            "costofGoodsAndServicesSold": "1633166000",
            "operatingIncome": "671960000",
            "sellingGeneralAndAdministrative": "236579000",
            "researchAndDevelopment": "None",
            "operatingExpenses": "308467000",
            "investmentIncomeNet": "10377000",
            "netInterestIncome": "-216723000",
            "interestIncome": "10377000",
            "interestExpense": "216723000",
            "nonInterestIncome": "3471209000",
            "otherNonOperatingIncome": "32383000",
            "depreciation": "522000000",
            "depreciationAndAmortization": "66000000",
            "incomeBeforeTax": "522547000",
            "incomeTaxExpense": "-15773000",
            "interestAndDebtExpense": "216723000",
            "netIncomeFromContinuingOperations": "774536000",
            "comprehensiveIncomeNetOfTax": "528932000",
            "ebit": "671960000",
            "ebitda": "805270000",
            "netIncome": "538320000"
        },
        {
            "fiscalDateEnding": "2018-12-31",
            "reportedCurrency": "USD",
            "grossProfit": "2314282000",
            "totalRevenue": "3691247000",
            "costOfRevenue": "1376965000",
            "costofGoodsAndServicesSold": "1076116000",
            "operatingIncome": "773687000",
            "sellingGeneralAndAdministrative": "232849000",
            "researchAndDevelopment": "None",
            "operatingExpenses": "310346000",
            "investmentIncomeNet": "8647000",
            "netInterestIncome": "-218285000",
            "interestIncome": "8647000",
            "interestExpense": "218285000",
            "nonInterestIncome": "3691247000",
            "otherNonOperatingIncome": "6930000",
            "depreciation": "486000000",
            "depreciationAndAmortization": "68000000",
            "incomeBeforeTax": "644949000",
            "incomeTaxExpense": "133902000",
            "interestAndDebtExpense": "218285000",
            "netIncomeFromContinuingOperations": "748825000",
            "comprehensiveIncomeNetOfTax": "516893000",
            "ebit": "773687000",
            "ebitda": "931234000",
            "netIncome": "511047000"
        }
    ],
    "quarterlyReports": [
        {
            "fiscalDateEnding": "2022-12-31",
            "reportedCurrency": "USD",
            "grossProfit": "209515000",
            "totalRevenue": "1009314000",
            "costOfRevenue": "799799000",
            "costofGoodsAndServicesSold": "645020000",
            "operatingIncome": "36751000",
            "sellingGeneralAndAdministrative": "70779000",
            "researchAndDevelopment": "None",
            "operatingExpenses": "159447000",
            "investmentIncomeNet": "2208000",
            "netInterestIncome": "-68909000",
            "interestIncome": "2208000",
            "interestExpense": "68909000",
            "nonInterestIncome": "1009314000",
            "otherNonOperatingIncome": "-35323000",
            "depreciation": "None",
            "depreciationAndAmortization": "212627000",
            "incomeBeforeTax": "-32742000",
            "incomeTaxExpense": "-8750000",
            "interestAndDebtExpense": "68909000",
            "netIncomeFromContinuingOperations": "49223000",
            "comprehensiveIncomeNetOfTax": "-2127000",
            "ebit": "36751000",
            "ebitda": "249378000",
            "netIncome": "-23992000"
        },
        {
            "fiscalDateEnding": "2022-09-30",
            "reportedCurrency": "USD",
            "grossProfit": "669436000",
            "totalRevenue": "1469871000",
            "costOfRevenue": "800435000",
            "costofGoodsAndServicesSold": "746960000",
            "operatingIncome": "417573000",
            "sellingGeneralAndAdministrative": "53475000",
            "researchAndDevelopment": "None",
            "operatingExpenses": "53675000",
            "investmentIncomeNet": "1785000",
            "netInterestIncome": "-63493000",
            "interestIncome": "53510000",
            "interestExpense": "63493000",
            "nonInterestIncome": "1469871000",
            "otherNonOperatingIncome": "-4526000",
            "depreciation": "None",
            "depreciationAndAmortization": "228913000",
            "incomeBeforeTax": "379054000",
            "incomeTaxExpense": "52728000",
            "interestAndDebtExpense": "63493000",
            "netIncomeFromContinuingOperations": "394125000",
            "comprehensiveIncomeNetOfTax": "327840000",
            "ebit": "417573000",
            "ebitda": "646486000",
            "netIncome": "326326000"
        },
        {
            "fiscalDateEnding": "2022-06-30",
            "reportedCurrency": "USD",
            "grossProfit": "468867000",
            "totalRevenue": "1061669000",
            "costOfRevenue": "592802000",
            "costofGoodsAndServicesSold": "538684000",
            "operatingIncome": "223095000",
            "sellingGeneralAndAdministrative": "54118000",
            "researchAndDevelopment": "None",
            "operatingExpenses": "54503000",
            "investmentIncomeNet": "1691000",
            "netInterestIncome": "-62230000",
            "interestIncome": "1691000",
            "interestExpense": "62230000",
            "nonInterestIncome": "1061669000",
            "otherNonOperatingIncome": "-2902000",
            "depreciation": "None",
            "depreciationAndAmortization": "224418000",
            "incomeBeforeTax": "191000000",
            "incomeTaxExpense": "26688000",
            "interestAndDebtExpense": "62230000",
            "netIncomeFromContinuingOperations": "230848000",
            "comprehensiveIncomeNetOfTax": "163206000",
            "ebit": "223095000",
            "ebitda": "447513000",
            "netIncome": "164312000"
        },
        {
            "fiscalDateEnding": "2022-03-31",
            "reportedCurrency": "USD",
            "grossProfit": "273659000",
            "totalRevenue": "783531000",
            "costOfRevenue": "509872000",
            "costofGoodsAndServicesSold": "451874000",
            "operatingIncome": "54492000",
            "sellingGeneralAndAdministrative": "57998000",
            "researchAndDevelopment": "None",
            "operatingExpenses": "61984000",
            "investmentIncomeNet": "1642000",
            "netInterestIncome": "-60907000",
            "interestIncome": "1642000",
            "interestExpense": "60907000",
            "nonInterestIncome": "783531000",
            "otherNonOperatingIncome": "-1718000",
            "depreciation": "None",
            "depreciationAndAmortization": "203639000",
            "incomeBeforeTax": "21117000",
            "incomeTaxExpense": "4161000",
            "interestAndDebtExpense": "60907000",
            "netIncomeFromContinuingOperations": "82169000",
            "comprehensiveIncomeNetOfTax": "18109000",
            "ebit": "54492000",
            "ebitda": "280903000",
            "netIncome": "16956000"
        },
        {
            "fiscalDateEnding": "2021-12-31",
            "reportedCurrency": "USD",
            "grossProfit": "243526000",
            "totalRevenue": "798857000",
            "costOfRevenue": "555331000",
            "costofGoodsAndServicesSold": "427819000",
            "operatingIncome": "50017000",
            "sellingGeneralAndAdministrative": "76053000",
            "researchAndDevelopment": "None",
            "operatingExpenses": "133459000",
            "investmentIncomeNet": "1490000",
            "netInterestIncome": "-59946000",
            "interestIncome": "47157000",
            "interestExpense": "59946000",
            "nonInterestIncome": "798857000",
            "otherNonOperatingIncome": "-1796000",
            "depreciation": "None",
            "depreciationAndAmortization": "186800000",
            "incomeBeforeTax": "23597000",
            "incomeTaxExpense": "-3987000",
            "interestAndDebtExpense": "59946000",
            "netIncomeFromContinuingOperations": "91836000",
            "comprehensiveIncomeNetOfTax": "32389000",
            "ebit": "50017000",
            "ebitda": "263350000",
            "netIncome": "27584000"
        },
        {
            "fiscalDateEnding": "2021-09-30",
            "reportedCurrency": "USD",
            "grossProfit": "659671000",
            "totalRevenue": "1308254000",
            "costOfRevenue": "648583000",
            "costofGoodsAndServicesSold": "590975000",
            "operatingIncome": "429373000",
            "sellingGeneralAndAdministrative": "57608000",
            "researchAndDevelopment": "None",
            "operatingExpenses": "55520000",
            "investmentIncomeNet": "1602000",
            "netInterestIncome": "-58794000",
            "interestIncome": "1602000",
            "interestExpense": "58794000",
            "nonInterestIncome": "1308254000",
            "otherNonOperatingIncome": "5901000",
            "depreciation": "None",
            "depreciationAndAmortization": "181805000",
            "incomeBeforeTax": "411661000",
            "incomeTaxExpense": "71863000",
            "interestAndDebtExpense": "58794000",
            "netIncomeFromContinuingOperations": "402898000",
            "comprehensiveIncomeNetOfTax": "340710000",
            "ebit": "429373000",
            "ebitda": "645918000",
            "netIncome": "339798000"
        },
        {
            "fiscalDateEnding": "2021-06-30",
            "reportedCurrency": "USD",
            "grossProfit": "512169000",
            "totalRevenue": "1000249000",
            "costOfRevenue": "488080000",
            "costofGoodsAndServicesSold": "428585000",
            "operatingIncome": "278386000",
            "sellingGeneralAndAdministrative": "59495000",
            "researchAndDevelopment": "None",
            "operatingExpenses": "63588000",
            "investmentIncomeNet": "1687000",
            "netInterestIncome": "-57578000",
            "interestIncome": "1687000",
            "interestExpense": "57578000",
            "nonInterestIncome": "1000249000",
            "otherNonOperatingIncome": "7023000",
            "depreciation": "None",
            "depreciationAndAmortization": "174127000",
            "incomeBeforeTax": "262257000",
            "incomeTaxExpense": "46560000",
            "interestAndDebtExpense": "57578000",
            "netIncomeFromContinuingOperations": "277014000",
            "comprehensiveIncomeNetOfTax": "216631000",
            "ebit": "278386000",
            "ebitda": "488142000",
            "netIncome": "215697000"
        },
        {
            "fiscalDateEnding": "2021-03-31",
            "reportedCurrency": "USD",
            "grossProfit": "280945000",
            "totalRevenue": "696475000",
            "costOfRevenue": "415530000",
            "costofGoodsAndServicesSold": "356047000",
            "operatingIncome": "47534000",
            "sellingGeneralAndAdministrative": "59483000",
            "researchAndDevelopment": "None",
            "operatingExpenses": "66990000",
            "investmentIncomeNet": "1948000",
            "netInterestIncome": "-56944000",
            "interestIncome": "1948000",
            "interestExpense": "56944000",
            "nonInterestIncome": "696475000",
            "otherNonOperatingIncome": "8576000",
            "depreciation": "None",
            "depreciationAndAmortization": "176409000",
            "incomeBeforeTax": "31291000",
            "incomeTaxExpense": "-4350000",
            "interestAndDebtExpense": "56944000",
            "netIncomeFromContinuingOperations": "97458000",
            "comprehensiveIncomeNetOfTax": "36925000",
            "ebit": "47534000",
            "ebitda": "260653000",
            "netIncome": "35641000"
        },
        {
            "fiscalDateEnding": "2020-12-31",
            "reportedCurrency": "USD",
            "grossProfit": "228174000",
            "totalRevenue": "740961000",
            "costOfRevenue": "512787000",
            "costofGoodsAndServicesSold": "368466000",
            "operatingIncome": "30848000",
            "sellingGeneralAndAdministrative": "74321000",
            "researchAndDevelopment": "None",
            "operatingExpenses": "151652000",
            "investmentIncomeNet": "3222000",
            "netInterestIncome": "-59038000",
            "interestIncome": "3222000",
            "interestExpense": "59038000",
            "nonInterestIncome": "740961000",
            "otherNonOperatingIncome": "-29535000",
            "depreciation": "None",
            "depreciationAndAmortization": "170511000",
            "incomeBeforeTax": "-39304000",
            "incomeTaxExpense": "-19913000",
            "interestAndDebtExpense": "59038000",
            "netIncomeFromContinuingOperations": "214453000",
            "comprehensiveIncomeNetOfTax": "-24696000",
            "ebit": "30848000",
            "ebitda": "186230000",
            "netIncome": "-19391000"
        },
        {
            "fiscalDateEnding": "2020-09-30",
            "reportedCurrency": "USD",
            "grossProfit": "693656000",
            "totalRevenue": "1254501000",
            "costOfRevenue": "560845000",
            "costofGoodsAndServicesSold": "505867000",
            "operatingIncome": "455008000",
            "sellingGeneralAndAdministrative": "54978000",
            "researchAndDevelopment": "None",
            "operatingExpenses": "56655000",
            "investmentIncomeNet": "2956000",
            "netInterestIncome": "-56834000",
            "interestIncome": "46025000",
            "interestExpense": "56834000",
            "nonInterestIncome": "1254501000",
            "otherNonOperatingIncome": "8043000",
            "depreciation": "None",
            "depreciationAndAmortization": "172569000",
            "incomeBeforeTax": "423606000",
            "incomeTaxExpense": "77234000",
            "interestAndDebtExpense": "56834000",
            "netIncomeFromContinuingOperations": "351245000",
            "comprehensiveIncomeNetOfTax": "346756000",
            "ebit": "455008000",
            "ebitda": "650029000",
            "netIncome": "346372000"
        },
        {
            "fiscalDateEnding": "2020-06-30",
            "reportedCurrency": "USD",
            "grossProfit": "481958000",
            "totalRevenue": "929590000",
            "costOfRevenue": "447632000",
            "costofGoodsAndServicesSold": "390864000",
            "operatingIncome": "261874000",
            "sellingGeneralAndAdministrative": "56768000",
            "researchAndDevelopment": "None",
            "operatingExpenses": "57460000",
            "investmentIncomeNet": "2755000",
            "netInterestIncome": "-57941000",
            "interestIncome": "2755000",
            "interestExpense": "57941000",
            "nonInterestIncome": "929590000",
            "otherNonOperatingIncome": "12634000",
            "depreciation": "None",
            "depreciationAndAmortization": "170005000",
            "incomeBeforeTax": "234646000",
            "incomeTaxExpense": "41061000",
            "interestAndDebtExpense": "57941000",
            "netIncomeFromContinuingOperations": "198459000",
            "comprehensiveIncomeNetOfTax": "191289000",
            "ebit": "261874000",
            "ebitda": "455829000",
            "netIncome": "193585000"
        },
        {
            "fiscalDateEnding": "2020-03-31",
            "reportedCurrency": "USD",
            "grossProfit": "262562000",
            "totalRevenue": "661930000",
            "costOfRevenue": "399368000",
            "costofGoodsAndServicesSold": "342600000",
            "operatingIncome": "40422000",
            "sellingGeneralAndAdministrative": "56768000",
            "researchAndDevelopment": "None",
            "operatingExpenses": "60712000",
            "investmentIncomeNet": "3277000",
            "netInterestIncome": "-55158000",
            "interestIncome": "3277000",
            "interestExpense": "55158000",
            "nonInterestIncome": "661930000",
            "otherNonOperatingIncome": "7785000",
            "depreciation": "None",
            "depreciationAndAmortization": "173168000",
            "incomeBeforeTax": "9784000",
            "incomeTaxExpense": "-20209000",
            "interestAndDebtExpense": "55158000",
            "netIncomeFromContinuingOperations": "34866000",
            "comprehensiveIncomeNetOfTax": "31510000",
            "ebit": "40422000",
            "ebitda": "235226000",
            "netIncome": "29993000"
        },
        {
            "fiscalDateEnding": "2019-12-31",
            "reportedCurrency": "USD",
            "grossProfit": "670391000",
            "totalRevenue": "670391000",
            "costOfRevenue": "954084000",
            "costofGoodsAndServicesSold": "815494000",
            "operatingIncome": "11997000",
            "sellingGeneralAndAdministrative": "72590000",
            "researchAndDevelopment": "None",
            "operatingExpenses": "142574000",
            "investmentIncomeNet": "2682000",
            "netInterestIncome": "-55769000",
            "interestIncome": "2682000",
            "interestExpense": "55769000",
            "nonInterestIncome": "670391000",
            "otherNonOperatingIncome": "11586000",
            "depreciation": "None",
            "depreciationAndAmortization": "163339000",
            "incomeBeforeTax": "-19683000",
            "incomeTaxExpense": "-88537000",
            "interestAndDebtExpense": "55769000",
            "netIncomeFromContinuingOperations": "100534000",
            "comprehensiveIncomeNetOfTax": "53423000",
            "ebit": "11997000",
            "ebitda": "193061000",
            "netIncome": "68854000"
        },
        {
            "fiscalDateEnding": "2019-09-30",
            "reportedCurrency": "USD",
            "grossProfit": "792116000",
            "totalRevenue": "1190787000",
            "costOfRevenue": "398671000",
            "costofGoodsAndServicesSold": "344862000",
            "operatingIncome": "403290000",
            "sellingGeneralAndAdministrative": "53809000",
            "researchAndDevelopment": "None",
            "operatingExpenses": "54603000",
            "investmentIncomeNet": "2694000",
            "netInterestIncome": "-53995000",
            "interestIncome": "2694000",
            "interestExpense": "53995000",
            "nonInterestIncome": "1190787000",
            "otherNonOperatingIncome": "9451000",
            "depreciation": "None",
            "depreciationAndAmortization": "168616000",
            "incomeBeforeTax": "365542000",
            "incomeTaxExpense": "53266000",
            "interestAndDebtExpense": "53995000",
            "netIncomeFromContinuingOperations": "317149000",
            "comprehensiveIncomeNetOfTax": "313374000",
            "ebit": "403290000",
            "ebitda": "587825000",
            "netIncome": "312276000"
        },
        {
            "fiscalDateEnding": "2019-06-30",
            "reportedCurrency": "USD",
            "grossProfit": "572189000",
            "totalRevenue": "869501000",
            "costOfRevenue": "297312000",
            "costofGoodsAndServicesSold": "242222000",
            "operatingIncome": "196589000",
            "sellingGeneralAndAdministrative": "55090000",
            "researchAndDevelopment": "None",
            "operatingExpenses": "55773000",
            "investmentIncomeNet": "2699000",
            "netInterestIncome": "-52971000",
            "interestIncome": "2699000",
            "interestExpense": "52971000",
            "nonInterestIncome": "869501000",
            "otherNonOperatingIncome": "8535000",
            "depreciation": "None",
            "depreciationAndAmortization": "164384000",
            "incomeBeforeTax": "161225000",
            "incomeTaxExpense": "17080000",
            "interestAndDebtExpense": "52971000",
            "netIncomeFromContinuingOperations": "149019000",
            "comprehensiveIncomeNetOfTax": "143010000",
            "ebit": "196589000",
            "ebitda": "376373000",
            "netIncome": "144145000"
        },
        {
            "fiscalDateEnding": "2019-03-31",
            "reportedCurrency": "USD",
            "grossProfit": "454852000",
            "totalRevenue": "740530000",
            "costOfRevenue": "285678000",
            "costofGoodsAndServicesSold": "230588000",
            "operatingIncome": "60084000",
            "sellingGeneralAndAdministrative": "55090000",
            "researchAndDevelopment": "None",
            "operatingExpenses": "55517000",
            "investmentIncomeNet": "2302000",
            "netInterestIncome": "-53988000",
            "interestIncome": "41488000",
            "interestExpense": "53988000",
            "nonInterestIncome": "740530000",
            "otherNonOperatingIncome": "2811000",
            "depreciation": "None",
            "depreciationAndAmortization": "167801000",
            "incomeBeforeTax": "20336000",
            "incomeTaxExpense": "2418000",
            "interestAndDebtExpense": "53988000",
            "netIncomeFromContinuingOperations": "22791000",
            "comprehensiveIncomeNetOfTax": "19125000",
            "ebit": "60084000",
            "ebitda": "236048000",
            "netIncome": "17918000"
        },
        {
            "fiscalDateEnding": "2018-12-31",
            "reportedCurrency": "USD",
            "grossProfit": "756376000",
            "totalRevenue": "756376000",
            "costOfRevenue": "374250000",
            "costofGoodsAndServicesSold": "231983000",
            "operatingIncome": "66884000",
            "sellingGeneralAndAdministrative": "74267000",
            "researchAndDevelopment": "None",
            "operatingExpenses": "143267000",
            "investmentIncomeNet": "2391000",
            "netInterestIncome": "-55977000",
            "interestIncome": "None",
            "interestExpense": "55977000",
            "nonInterestIncome": "756376000",
            "otherNonOperatingIncome": "1452000",
            "depreciation": "None",
            "depreciationAndAmortization": "161094000",
            "incomeBeforeTax": "37744000",
            "incomeTaxExpense": "6795000",
            "interestAndDebtExpense": "55977000",
            "netIncomeFromContinuingOperations": "60089000",
            "comprehensiveIncomeNetOfTax": "33442000",
            "ebit": "66884000",
            "ebitda": "242056000",
            "netIncome": "30949000"
        },
        {
            "fiscalDateEnding": "2018-09-30",
            "reportedCurrency": "USD",
            "grossProfit": "826723000",
            "totalRevenue": "1268034000",
            "costOfRevenue": "441311000",
            "costofGoodsAndServicesSold": "389936000",
            "operatingIncome": "433307000",
            "sellingGeneralAndAdministrative": "51375000",
            "researchAndDevelopment": "None",
            "operatingExpenses": "52275000",
            "investmentIncomeNet": "1957000",
            "netInterestIncome": "-55692000",
            "interestIncome": "None",
            "interestExpense": "55692000",
            "nonInterestIncome": "1268034000",
            "otherNonOperatingIncome": "1895000",
            "depreciation": "None",
            "depreciationAndAmortization": "164311000",
            "incomeBeforeTax": "399345000",
            "incomeTaxExpense": "84333000",
            "interestAndDebtExpense": "55692000",
            "netIncomeFromContinuingOperations": "319885000",
            "comprehensiveIncomeNetOfTax": "316562000",
            "ebit": "433307000",
            "ebitda": "611962000",
            "netIncome": "315012000"
        },
        {
            "fiscalDateEnding": "2018-06-30",
            "reportedCurrency": "USD",
            "grossProfit": "663429000",
            "totalRevenue": "974123000",
            "costOfRevenue": "310694000",
            "costofGoodsAndServicesSold": "257087000",
            "operatingIncome": "242162000",
            "sellingGeneralAndAdministrative": "53607000",
            "researchAndDevelopment": "None",
            "operatingExpenses": "61041000",
            "investmentIncomeNet": "2408000",
            "netInterestIncome": "-54417000",
            "interestIncome": "None",
            "interestExpense": "54417000",
            "nonInterestIncome": "974123000",
            "otherNonOperatingIncome": "2827000",
            "depreciation": "None",
            "depreciationAndAmortization": "161984000",
            "incomeBeforeTax": "210777000",
            "incomeTaxExpense": "44039000",
            "interestAndDebtExpense": "54417000",
            "netIncomeFromContinuingOperations": "171612000",
            "comprehensiveIncomeNetOfTax": "162455000",
            "ebit": "242162000",
            "ebitda": "419153000",
            "netIncome": "166738000"
        },
        {
            "fiscalDateEnding": "2018-03-31",
            "reportedCurrency": "USD",
            "grossProfit": "937694000",
            "totalRevenue": "692714000",
            "costOfRevenue": "395535000",
            "costofGoodsAndServicesSold": "197110000",
            "operatingIncome": "31334000",
            "sellingGeneralAndAdministrative": "53600000",
            "researchAndDevelopment": "None",
            "operatingExpenses": "53763000",
            "investmentIncomeNet": "1891000",
            "netInterestIncome": "-52199000",
            "interestIncome": "None",
            "interestExpense": "52199000",
            "nonInterestIncome": "692714000",
            "otherNonOperatingIncome": "756000",
            "depreciation": "None",
            "depreciationAndAmortization": "163566000",
            "incomeBeforeTax": "1956000",
            "incomeTaxExpense": "-1265000",
            "interestAndDebtExpense": "52199000",
            "netIncomeFromContinuingOperations": "8094000",
            "comprehensiveIncomeNetOfTax": "4434000",
            "ebit": "31334000",
            "ebitda": "208691000",
            "netIncome": "3221000"
        }
    ]
}