{
    "symbol": "PODD",
    "annualReports": [
        {
            "fiscalDateEnding": "2022-12-31",
            "reportedCurrency": "USD",
            "grossProfit": "805600000",
            "totalRevenue": "1305300000",
            "costOfRevenue": "499700000",
            "costofGoodsAndServicesSold": "499700000",
            "operatingIncome": "37600000",
            "sellingGeneralAndAdministrative": "587800000",
            "researchAndDevelopment": "180200000",
            "operatingExpenses": "779400000",
            "investmentIncomeNet": "None",
            "netInterestIncome": "-26700000",
            "interestIncome": "9800000",
            "interestExpense": "36500000",
            "nonInterestIncome": "1054100000",
            "otherNonOperatingIncome": "-1100000",
            "depreciation": "56000000",
            "depreciationAndAmortization": "7200000",
            "incomeBeforeTax": "9800000",
            "incomeTaxExpense": "5200000",
            "interestAndDebtExpense": "36500000",
            "netIncomeFromContinuingOperations": "4600000",
            "comprehensiveIncomeNetOfTax": "26800000",
            "ebit": "46300000",
            "ebitda": "53500000",
            "netIncome": "4600000"
        },
        {
            "fiscalDateEnding": "2021-12-31",
            "reportedCurrency": "USD",
            "grossProfit": "752100000",
            "totalRevenue": "1098800000",
            "costOfRevenue": "346700000",
            "costofGoodsAndServicesSold": "346700000",
            "operatingIncome": "126000000",
            "sellingGeneralAndAdministrative": "466000000",
            "researchAndDevelopment": "160100000",
            "operatingExpenses": "636000000",
            "investmentIncomeNet": "None",
            "netInterestIncome": "-61200000",
            "interestIncome": "500000",
            "interestExpense": "61700000",
            "nonInterestIncome": "1054400000",
            "otherNonOperatingIncome": "-1900000",
            "depreciation": "50600000",
            "depreciationAndAmortization": "6800000",
            "incomeBeforeTax": "20500000",
            "incomeTaxExpense": "3700000",
            "interestAndDebtExpense": "104100000",
            "netIncomeFromContinuingOperations": "16800000",
            "comprehensiveIncomeNetOfTax": "9100000",
            "ebit": "82200000",
            "ebitda": "89000000",
            "netIncome": "16800000"
        },
        {
            "fiscalDateEnding": "2020-12-31",
            "reportedCurrency": "USD",
            "grossProfit": "582300000",
            "totalRevenue": "904400000",
            "costOfRevenue": "322100000",
            "costofGoodsAndServicesSold": "322100000",
            "operatingIncome": "51500000",
            "sellingGeneralAndAdministrative": "384000000",
            "researchAndDevelopment": "146800000",
            "operatingExpenses": "551500000",
            "investmentIncomeNet": "None",
            "netInterestIncome": "-45100000",
            "interestIncome": "3000000",
            "interestExpense": "48100000",
            "nonInterestIncome": "901200000",
            "otherNonOperatingIncome": "3300000",
            "depreciation": "38000000",
            "depreciationAndAmortization": "17400000",
            "incomeBeforeTax": "9700000",
            "incomeTaxExpense": "2900000",
            "interestAndDebtExpense": "48100000",
            "netIncomeFromContinuingOperations": "6800000",
            "comprehensiveIncomeNetOfTax": "13500000",
            "ebit": "57800000",
            "ebitda": "75200000",
            "netIncome": "6800000"
        },
        {
            "fiscalDateEnding": "2019-12-31",
            "reportedCurrency": "USD",
            "grossProfit": "480300000",
            "totalRevenue": "695500000",
            "costOfRevenue": "561200000",
            "costofGoodsAndServicesSold": "257900000",
            "operatingIncome": "50000000",
            "sellingGeneralAndAdministrative": "298000000",
            "researchAndDevelopment": "132300000",
            "operatingExpenses": "430300000",
            "investmentIncomeNet": "None",
            "netInterestIncome": "-27700000",
            "interestIncome": "6900000",
            "interestExpense": "34600000",
            "nonInterestIncome": "730100000",
            "otherNonOperatingIncome": "900000",
            "depreciation": "25200000",
            "depreciationAndAmortization": "2700000",
            "incomeBeforeTax": "14500000",
            "incomeTaxExpense": "2900000",
            "interestAndDebtExpense": "43300000",
            "netIncomeFromContinuingOperations": "11600000",
            "comprehensiveIncomeNetOfTax": "13300000",
            "ebit": "49100000",
            "ebitda": "51800000",
            "netIncome": "11600000"
        },
        {
            "fiscalDateEnding": "2018-12-31",
            "reportedCurrency": "USD",
            "grossProfit": "370200000",
            "totalRevenue": "534921000",
            "costOfRevenue": "449193000",
            "costofGoodsAndServicesSold": "193600000",
            "operatingIncome": "27400000",
            "sellingGeneralAndAdministrative": "248000000",
            "researchAndDevelopment": "94800000",
            "operatingExpenses": "342800000",
            "investmentIncomeNet": "None",
            "netInterestIncome": "-21300000",
            "interestIncome": "7600000",
            "interestExpense": "28900000",
            "nonInterestIncome": "563823000",
            "otherNonOperatingIncome": "-900000",
            "depreciation": "13800000",
            "depreciationAndAmortization": "1800000",
            "incomeBeforeTax": "5200000",
            "incomeTaxExpense": "1900000",
            "interestAndDebtExpense": "28902000",
            "netIncomeFromContinuingOperations": "3292000",
            "comprehensiveIncomeNetOfTax": "900000",
            "ebit": "34100000",
            "ebitda": "35900000",
            "netIncome": "3300000"
        }
    ],
    "quarterlyReports": [
        {
            "fiscalDateEnding": "2022-12-31",
            "reportedCurrency": "USD",
            "grossProfit": "217300000",
            "totalRevenue": "369700000",
            "costOfRevenue": "152400000",
            "costofGoodsAndServicesSold": "152400000",
            "operatingIncome": "23500000",
            "sellingGeneralAndAdministrative": "114600000",
            "researchAndDevelopment": "49500000",
            "operatingExpenses": "167000000",
            "investmentIncomeNet": "None",
            "netInterestIncome": "-2700000",
            "interestIncome": "6500000",
            "interestExpense": "9200000",
            "nonInterestIncome": "281300000",
            "otherNonOperatingIncome": "1500000",
            "depreciation": "None",
            "depreciationAndAmortization": "1800000",
            "incomeBeforeTax": "22300000",
            "incomeTaxExpense": "5300000",
            "interestAndDebtExpense": "9200000",
            "netIncomeFromContinuingOperations": "17000000",
            "comprehensiveIncomeNetOfTax": "30200000",
            "ebit": "31500000",
            "ebitda": "33300000",
            "netIncome": "17000000"
        },
        {
            "fiscalDateEnding": "2022-09-30",
            "reportedCurrency": "USD",
            "grossProfit": "188300000",
            "totalRevenue": "340800000",
            "costOfRevenue": "152500000",
            "costofGoodsAndServicesSold": "152500000",
            "operatingIncome": "2900000",
            "sellingGeneralAndAdministrative": "149400000",
            "researchAndDevelopment": "45000000",
            "operatingExpenses": "196300000",
            "investmentIncomeNet": "None",
            "netInterestIncome": "-6800000",
            "interestIncome": "2400000",
            "interestExpense": "9200000",
            "nonInterestIncome": "281900000",
            "otherNonOperatingIncome": "-1800000",
            "depreciation": "None",
            "depreciationAndAmortization": "1900000",
            "incomeBeforeTax": "-5700000",
            "incomeTaxExpense": "-500000",
            "interestAndDebtExpense": "9200000",
            "netIncomeFromContinuingOperations": "-5200000",
            "comprehensiveIncomeNetOfTax": "-5600000",
            "ebit": "3500000",
            "ebitda": "5400000",
            "netIncome": "-5200000"
        },
        {
            "fiscalDateEnding": "2022-06-30",
            "reportedCurrency": "USD",
            "grossProfit": "190300000",
            "totalRevenue": "299400000",
            "costOfRevenue": "109100000",
            "costofGoodsAndServicesSold": "109100000",
            "operatingIncome": "-26700000",
            "sellingGeneralAndAdministrative": "185600000",
            "researchAndDevelopment": "42600000",
            "operatingExpenses": "229900000",
            "investmentIncomeNet": "None",
            "netInterestIncome": "-8300000",
            "interestIncome": "800000",
            "interestExpense": "9100000",
            "nonInterestIncome": "243900000",
            "otherNonOperatingIncome": "-1100000",
            "depreciation": "None",
            "depreciationAndAmortization": "1700000",
            "incomeBeforeTax": "-36100000",
            "incomeTaxExpense": "-1100000",
            "interestAndDebtExpense": "9100000",
            "netIncomeFromContinuingOperations": "-35000000",
            "comprehensiveIncomeNetOfTax": "-40000000",
            "ebit": "-27000000",
            "ebitda": "-25300000",
            "netIncome": "-35000000"
        },
        {
            "fiscalDateEnding": "2022-03-31",
            "reportedCurrency": "USD",
            "grossProfit": "209700000",
            "totalRevenue": "295400000",
            "costOfRevenue": "85700000",
            "costofGoodsAndServicesSold": "85700000",
            "operatingIncome": "37900000",
            "sellingGeneralAndAdministrative": "138200000",
            "researchAndDevelopment": "43100000",
            "operatingExpenses": "183900000",
            "investmentIncomeNet": "None",
            "netInterestIncome": "-8900000",
            "interestIncome": "100000",
            "interestExpense": "9000000",
            "nonInterestIncome": "247000000",
            "otherNonOperatingIncome": "300000",
            "depreciation": "None",
            "depreciationAndAmortization": "1800000",
            "incomeBeforeTax": "29300000",
            "incomeTaxExpense": "1500000",
            "interestAndDebtExpense": "9000000",
            "netIncomeFromContinuingOperations": "27800000",
            "comprehensiveIncomeNetOfTax": "42200000",
            "ebit": "38300000",
            "ebitda": "40100000",
            "netIncome": "27800000"
        },
        {
            "fiscalDateEnding": "2021-12-31",
            "reportedCurrency": "USD",
            "grossProfit": "213200000",
            "totalRevenue": "307700000",
            "costOfRevenue": "94500000",
            "costofGoodsAndServicesSold": "94500000",
            "operatingIncome": "49700000",
            "sellingGeneralAndAdministrative": "95900000",
            "researchAndDevelopment": "41800000",
            "operatingExpenses": "139700000",
            "investmentIncomeNet": "None",
            "netInterestIncome": "-15100000",
            "interestIncome": "None",
            "interestExpense": "15100000",
            "nonInterestIncome": "304900000",
            "otherNonOperatingIncome": "-400000",
            "depreciation": "None",
            "depreciationAndAmortization": "1700000",
            "incomeBeforeTax": "33400000",
            "incomeTaxExpense": "4200000",
            "interestAndDebtExpense": "15900000",
            "netIncomeFromContinuingOperations": "29200000",
            "comprehensiveIncomeNetOfTax": "30400000",
            "ebit": "48500000",
            "ebitda": "50200000",
            "netIncome": "29200000"
        },
        {
            "fiscalDateEnding": "2021-09-30",
            "reportedCurrency": "USD",
            "grossProfit": "188700000",
            "totalRevenue": "275600000",
            "costOfRevenue": "86900000",
            "costofGoodsAndServicesSold": "86900000",
            "operatingIncome": "33700000",
            "sellingGeneralAndAdministrative": "125700000",
            "researchAndDevelopment": "37500000",
            "operatingExpenses": "164800000",
            "investmentIncomeNet": "None",
            "netInterestIncome": "-16300000",
            "interestIncome": "100000",
            "interestExpense": "16400000",
            "nonInterestIncome": "274100000",
            "otherNonOperatingIncome": "-700000",
            "depreciation": "None",
            "depreciationAndAmortization": "1600000",
            "incomeBeforeTax": "15200000",
            "incomeTaxExpense": "2600000",
            "interestAndDebtExpense": "17900000",
            "netIncomeFromContinuingOperations": "12600000",
            "comprehensiveIncomeNetOfTax": "8500000",
            "ebit": "31600000",
            "ebitda": "33200000",
            "netIncome": "12600000"
        },
        {
            "fiscalDateEnding": "2021-06-30",
            "reportedCurrency": "USD",
            "grossProfit": "182700000",
            "totalRevenue": "263200000",
            "costOfRevenue": "80500000",
            "costofGoodsAndServicesSold": "80500000",
            "operatingIncome": "26300000",
            "sellingGeneralAndAdministrative": "125300000",
            "researchAndDevelopment": "40100000",
            "operatingExpenses": "167200000",
            "investmentIncomeNet": "None",
            "netInterestIncome": "-16400000",
            "interestIncome": "200000",
            "interestExpense": "16600000",
            "nonInterestIncome": "223100000",
            "otherNonOperatingIncome": "1800000",
            "depreciation": "None",
            "depreciationAndAmortization": "1800000",
            "incomeBeforeTax": "-28400000",
            "incomeTaxExpense": "-3400000",
            "interestAndDebtExpense": "56700000",
            "netIncomeFromContinuingOperations": "-25000000",
            "comprehensiveIncomeNetOfTax": "-27500000",
            "ebit": "-11800000",
            "ebitda": "-10000000",
            "netIncome": "-25000000"
        },
        {
            "fiscalDateEnding": "2021-03-31",
            "reportedCurrency": "USD",
            "grossProfit": "167500000",
            "totalRevenue": "252300000",
            "costOfRevenue": "84800000",
            "costofGoodsAndServicesSold": "84800000",
            "operatingIncome": "16300000",
            "sellingGeneralAndAdministrative": "119100000",
            "researchAndDevelopment": "40700000",
            "operatingExpenses": "163400000",
            "investmentIncomeNet": "None",
            "netInterestIncome": "-13400000",
            "interestIncome": "200000",
            "interestExpense": "13600000",
            "nonInterestIncome": "252300000",
            "otherNonOperatingIncome": "-2600000",
            "depreciation": "None",
            "depreciationAndAmortization": "1700000",
            "incomeBeforeTax": "300000",
            "incomeTaxExpense": "300000",
            "interestAndDebtExpense": "13600000",
            "netIncomeFromContinuingOperations": "0",
            "comprehensiveIncomeNetOfTax": "-2300000",
            "ebit": "13900000",
            "ebitda": "15600000",
            "netIncome": "0"
        },
        {
            "fiscalDateEnding": "2020-12-31",
            "reportedCurrency": "USD",
            "grossProfit": "161100000",
            "totalRevenue": "278700000",
            "costOfRevenue": "14600000",
            "costofGoodsAndServicesSold": "85000000",
            "operatingIncome": "-7300000",
            "sellingGeneralAndAdministrative": "109800000",
            "researchAndDevelopment": "38300000",
            "operatingExpenses": "14600000",
            "investmentIncomeNet": "None",
            "netInterestIncome": "-12500000",
            "interestIncome": "300000",
            "interestExpense": "12800000",
            "nonInterestIncome": "242900000",
            "otherNonOperatingIncome": "1300000",
            "depreciation": "None",
            "depreciationAndAmortization": "14600000",
            "incomeBeforeTax": "-18500000",
            "incomeTaxExpense": "-1400000",
            "interestAndDebtExpense": "12800000",
            "netIncomeFromContinuingOperations": "-29200000",
            "comprehensiveIncomeNetOfTax": "-11000000",
            "ebit": "-5700000",
            "ebitda": "8900000",
            "netIncome": "-17100000"
        },
        {
            "fiscalDateEnding": "2020-09-30",
            "reportedCurrency": "USD",
            "grossProfit": "151800000",
            "totalRevenue": "222600000",
            "costOfRevenue": "178700000",
            "costofGoodsAndServicesSold": "82200000",
            "operatingIncome": "23800000",
            "sellingGeneralAndAdministrative": "95800000",
            "researchAndDevelopment": "38800000",
            "operatingExpenses": "135800000",
            "investmentIncomeNet": "None",
            "netInterestIncome": "-11400000",
            "interestIncome": "500000",
            "interestExpense": "11900000",
            "nonInterestIncome": "234000000",
            "otherNonOperatingIncome": "1000000",
            "depreciation": "None",
            "depreciationAndAmortization": "700000",
            "incomeBeforeTax": "13400000",
            "incomeTaxExpense": "1800000",
            "interestAndDebtExpense": "11900000",
            "netIncomeFromContinuingOperations": "11600000",
            "comprehensiveIncomeNetOfTax": "14600000",
            "ebit": "25300000",
            "ebitda": "26000000",
            "netIncome": "11600000"
        },
        {
            "fiscalDateEnding": "2020-06-30",
            "reportedCurrency": "USD",
            "grossProfit": "142500000",
            "totalRevenue": "215200000",
            "costOfRevenue": "171100000",
            "costofGoodsAndServicesSold": "83800000",
            "operatingIncome": "27500000",
            "sellingGeneralAndAdministrative": "86600000",
            "researchAndDevelopment": "34200000",
            "operatingExpenses": "123500000",
            "investmentIncomeNet": "None",
            "netInterestIncome": "-11100000",
            "interestIncome": "700000",
            "interestExpense": "11800000",
            "nonInterestIncome": "226300000",
            "otherNonOperatingIncome": "1000000",
            "depreciation": "None",
            "depreciationAndAmortization": "700000",
            "incomeBeforeTax": "17400000",
            "incomeTaxExpense": "3000000",
            "interestAndDebtExpense": "11800000",
            "netIncomeFromContinuingOperations": "14400000",
            "comprehensiveIncomeNetOfTax": "14600000",
            "ebit": "29200000",
            "ebitda": "29900000",
            "netIncome": "14400000"
        },
        {
            "fiscalDateEnding": "2020-03-31",
            "reportedCurrency": "USD",
            "grossProfit": "126900000",
            "totalRevenue": "187900000",
            "costOfRevenue": "163700000",
            "costofGoodsAndServicesSold": "71100000",
            "operatingIncome": "7500000",
            "sellingGeneralAndAdministrative": "91800000",
            "researchAndDevelopment": "35500000",
            "operatingExpenses": "128700000",
            "investmentIncomeNet": "None",
            "netInterestIncome": "-10100000",
            "interestIncome": "1500000",
            "interestExpense": "11600000",
            "nonInterestIncome": "198000000",
            "otherNonOperatingIncome": "0",
            "depreciation": "None",
            "depreciationAndAmortization": "800000",
            "incomeBeforeTax": "-2600000",
            "incomeTaxExpense": "-500000",
            "interestAndDebtExpense": "11600000",
            "netIncomeFromContinuingOperations": "-2100000",
            "comprehensiveIncomeNetOfTax": "-4700000",
            "ebit": "9000000",
            "ebitda": "9800000",
            "netIncome": "-2100000"
        },
        {
            "fiscalDateEnding": "2019-12-31",
            "reportedCurrency": "USD",
            "grossProfit": "134100000",
            "totalRevenue": "209400000",
            "costOfRevenue": "157363000",
            "costofGoodsAndServicesSold": "75300000",
            "operatingIncome": "18100000",
            "sellingGeneralAndAdministrative": "78675000",
            "researchAndDevelopment": "35500000",
            "operatingExpenses": "115978000",
            "investmentIncomeNet": "None",
            "netInterestIncome": "-9400000",
            "interestIncome": "1500000",
            "interestExpense": "10900000",
            "nonInterestIncome": "209400000",
            "otherNonOperatingIncome": "400000",
            "depreciation": "None",
            "depreciationAndAmortization": "800000",
            "incomeBeforeTax": "6800000",
            "incomeTaxExpense": "1800000",
            "interestAndDebtExpense": "13222000",
            "netIncomeFromContinuingOperations": "134100000",
            "comprehensiveIncomeNetOfTax": "8400000",
            "ebit": "17700000",
            "ebitda": "18500000",
            "netIncome": "5000000"
        },
        {
            "fiscalDateEnding": "2019-09-30",
            "reportedCurrency": "USD",
            "grossProfit": "123100000",
            "totalRevenue": "176294000",
            "costOfRevenue": "145032000",
            "costofGoodsAndServicesSold": "69000000",
            "operatingIncome": "17000000",
            "sellingGeneralAndAdministrative": "75297000",
            "researchAndDevelopment": "31300000",
            "operatingExpenses": "106076000",
            "investmentIncomeNet": "None",
            "netInterestIncome": "-7700000",
            "interestIncome": "1700000",
            "interestExpense": "9400000",
            "nonInterestIncome": "185664000",
            "otherNonOperatingIncome": "-1800000",
            "depreciation": "None",
            "depreciationAndAmortization": "700000",
            "incomeBeforeTax": "1100000",
            "incomeTaxExpense": "300000",
            "interestAndDebtExpense": "15821000",
            "netIncomeFromContinuingOperations": "852000",
            "comprehensiveIncomeNetOfTax": "-1000000",
            "ebit": "10500000",
            "ebitda": "11200000",
            "netIncome": "800000"
        },
        {
            "fiscalDateEnding": "2019-06-30",
            "reportedCurrency": "USD",
            "grossProfit": "116400000",
            "totalRevenue": "169494000",
            "costOfRevenue": "137869000",
            "costofGoodsAndServicesSold": "60700000",
            "operatingIncome": "7600000",
            "sellingGeneralAndAdministrative": "76551000",
            "researchAndDevelopment": "33000000",
            "operatingExpenses": "108815000",
            "investmentIncomeNet": "None",
            "netInterestIncome": "-5800000",
            "interestIncome": "1900000",
            "interestExpense": "7700000",
            "nonInterestIncome": "177136000",
            "otherNonOperatingIncome": "100000",
            "depreciation": "None",
            "depreciationAndAmortization": "600000",
            "incomeBeforeTax": "1900000",
            "incomeTaxExpense": "500000",
            "interestAndDebtExpense": "7642000",
            "netIncomeFromContinuingOperations": "1402000",
            "comprehensiveIncomeNetOfTax": "1700000",
            "ebit": "9600000",
            "ebitda": "10200000",
            "netIncome": "1400000"
        },
        {
            "fiscalDateEnding": "2019-03-31",
            "reportedCurrency": "USD",
            "grossProfit": "106700000",
            "totalRevenue": "149440000",
            "costOfRevenue": "120936000",
            "costofGoodsAndServicesSold": "52900000",
            "operatingIncome": "7300000",
            "sellingGeneralAndAdministrative": "67477000",
            "researchAndDevelopment": "32500000",
            "operatingExpenses": "99431000",
            "investmentIncomeNet": "None",
            "netInterestIncome": "-4800000",
            "interestIncome": "1800000",
            "interestExpense": "6600000",
            "nonInterestIncome": "159555000",
            "otherNonOperatingIncome": "2200000",
            "depreciation": "None",
            "depreciationAndAmortization": "600000",
            "incomeBeforeTax": "4700000",
            "incomeTaxExpense": "300000",
            "interestAndDebtExpense": "10115000",
            "netIncomeFromContinuingOperations": "4378000",
            "comprehensiveIncomeNetOfTax": "4200000",
            "ebit": "11300000",
            "ebitda": "11900000",
            "netIncome": "4400000"
        },
        {
            "fiscalDateEnding": "2018-12-31",
            "reportedCurrency": "USD",
            "grossProfit": "110300000",
            "totalRevenue": "164907000",
            "costOfRevenue": "120259000",
            "costofGoodsAndServicesSold": "54540000",
            "operatingIncome": "16233000",
            "sellingGeneralAndAdministrative": "59426000",
            "researchAndDevelopment": "33396000",
            "operatingExpenses": "94134000",
            "investmentIncomeNet": "None",
            "netInterestIncome": "754000",
            "interestIncome": "7610000",
            "interestExpense": "6856000",
            "nonInterestIncome": "164907000",
            "otherNonOperatingIncome": "-6102000",
            "depreciation": "None",
            "depreciationAndAmortization": "500000",
            "incomeBeforeTax": "10861000",
            "incomeTaxExpense": "961000",
            "interestAndDebtExpense": "6848000",
            "netIncomeFromContinuingOperations": "16233000",
            "comprehensiveIncomeNetOfTax": "9460000",
            "ebit": "17717000",
            "ebitda": "18217000",
            "netIncome": "9900000"
        },
        {
            "fiscalDateEnding": "2018-09-30",
            "reportedCurrency": "USD",
            "grossProfit": "102000000",
            "totalRevenue": "144230000",
            "costOfRevenue": "122949000",
            "costofGoodsAndServicesSold": "49107000",
            "operatingIncome": "6865000",
            "sellingGeneralAndAdministrative": "73342000",
            "researchAndDevelopment": "22336000",
            "operatingExpenses": "95104000",
            "investmentIncomeNet": "None",
            "netInterestIncome": "-6846000",
            "interestIncome": "None",
            "interestExpense": "6846000",
            "nonInterestIncome": "151076000",
            "otherNonOperatingIncome": "1834000",
            "depreciation": "None",
            "depreciationAndAmortization": "500000",
            "incomeBeforeTax": "1894000",
            "incomeTaxExpense": "194000",
            "interestAndDebtExpense": "6846000",
            "netIncomeFromContinuingOperations": "1659000",
            "comprehensiveIncomeNetOfTax": "1593000",
            "ebit": "8740000",
            "ebitda": "9240000",
            "netIncome": "1700000"
        },
        {
            "fiscalDateEnding": "2018-06-30",
            "reportedCurrency": "USD",
            "grossProfit": "82100000",
            "totalRevenue": "116972000",
            "costOfRevenue": "101919000",
            "costofGoodsAndServicesSold": "42190000",
            "operatingIncome": "4325000",
            "sellingGeneralAndAdministrative": "59329000",
            "researchAndDevelopment": "18801000",
            "operatingExpenses": "77747000",
            "investmentIncomeNet": "None",
            "netInterestIncome": "-7290000",
            "interestIncome": "None",
            "interestExpense": "7290000",
            "nonInterestIncome": "124262000",
            "otherNonOperatingIncome": "1686000",
            "depreciation": "None",
            "depreciationAndAmortization": "400000",
            "incomeBeforeTax": "-1288000",
            "incomeTaxExpense": "412000",
            "interestAndDebtExpense": "7290000",
            "netIncomeFromContinuingOperations": "-1679000",
            "comprehensiveIncomeNetOfTax": "-2541000",
            "ebit": "6002000",
            "ebitda": "6402000",
            "netIncome": "-1700000"
        },
        {
            "fiscalDateEnding": "2018-03-31",
            "reportedCurrency": "USD",
            "grossProfit": "75800000",
            "totalRevenue": "239238000",
            "costOfRevenue": "104066000",
            "costofGoodsAndServicesSold": "47763000",
            "operatingIncome": "0",
            "sellingGeneralAndAdministrative": "55903000",
            "researchAndDevelopment": "20267000",
            "operatingExpenses": "75815000",
            "investmentIncomeNet": "None",
            "netInterestIncome": "-7918000",
            "interestIncome": "None",
            "interestExpense": "7918000",
            "nonInterestIncome": "123578000",
            "otherNonOperatingIncome": "1682000",
            "depreciation": "None",
            "depreciationAndAmortization": "400000",
            "incomeBeforeTax": "-6267000",
            "incomeTaxExpense": "333000",
            "interestAndDebtExpense": "7918000",
            "netIncomeFromContinuingOperations": "-6536000",
            "comprehensiveIncomeNetOfTax": "-7612000",
            "ebit": "1651000",
            "ebitda": "2051000",
            "netIncome": "-6600000"
        }
    ]
}