{
    "symbol": "PPL",
    "annualReports": [
        {
            "fiscalDateEnding": "2022-12-31",
            "reportedCurrency": "USD",
            "grossProfit": "6742000000",
            "totalRevenue": "7902000000",
            "costOfRevenue": "1160000000",
            "costofGoodsAndServicesSold": "931000000",
            "operatingIncome": "1374000000",
            "sellingGeneralAndAdministrative": "None",
            "researchAndDevelopment": "None",
            "operatingExpenses": "299000000",
            "investmentIncomeNet": "None",
            "netInterestIncome": "-513000000",
            "interestIncome": "4000000",
            "interestExpense": "513000000",
            "nonInterestIncome": "7786000000",
            "otherNonOperatingIncome": "54000000",
            "depreciation": "1181000000",
            "depreciationAndAmortization": "1329000000",
            "incomeBeforeTax": "957000000",
            "incomeTaxExpense": "201000000",
            "interestAndDebtExpense": "513000000",
            "netIncomeFromContinuingOperations": "714000000",
            "comprehensiveIncomeNetOfTax": "789000000",
            "ebit": "1470000000",
            "ebitda": "2703000000",
            "netIncome": "756000000"
        },
        {
            "fiscalDateEnding": "2021-12-31",
            "reportedCurrency": "USD",
            "grossProfit": "5020000000",
            "totalRevenue": "5783000000",
            "costOfRevenue": "763000000",
            "costofGoodsAndServicesSold": "747000000",
            "operatingIncome": "1424000000",
            "sellingGeneralAndAdministrative": "None",
            "researchAndDevelopment": "None",
            "operatingExpenses": "38000000",
            "investmentIncomeNet": "None",
            "netInterestIncome": "-918000000",
            "interestIncome": "906000000",
            "interestExpense": "918000000",
            "nonInterestIncome": "5443000000",
            "otherNonOperatingIncome": "15000000",
            "depreciation": "1082000000",
            "depreciationAndAmortization": "-362000000",
            "incomeBeforeTax": "-977000000",
            "incomeTaxExpense": "503000000",
            "interestAndDebtExpense": "1313000000",
            "netIncomeFromContinuingOperations": "18000000",
            "comprehensiveIncomeNetOfTax": "2583000000",
            "ebit": "-59000000",
            "ebitda": "1062000000",
            "netIncome": "-1480000000"
        },
        {
            "fiscalDateEnding": "2020-12-31",
            "reportedCurrency": "USD",
            "grossProfit": "6958000000",
            "totalRevenue": "5474000000",
            "costOfRevenue": "649000000",
            "costofGoodsAndServicesSold": "632000000",
            "operatingIncome": "1586000000",
            "sellingGeneralAndAdministrative": "None",
            "researchAndDevelopment": "None",
            "operatingExpenses": "46000000",
            "investmentIncomeNet": "None",
            "netInterestIncome": "-1001000000",
            "interestIncome": "-367000000",
            "interestExpense": "634000000",
            "nonInterestIncome": "7458000000",
            "otherNonOperatingIncome": "2000000",
            "depreciation": "1022000000",
            "depreciationAndAmortization": "1528000000",
            "incomeBeforeTax": "1783000000",
            "incomeTaxExpense": "314000000",
            "interestAndDebtExpense": "1001000000",
            "netIncomeFromContinuingOperations": "640000000",
            "comprehensiveIncomeNetOfTax": "1607000000",
            "ebit": "2417000000",
            "ebitda": "4331000000",
            "netIncome": "1469000000"
        },
        {
            "fiscalDateEnding": "2019-12-31",
            "reportedCurrency": "USD",
            "grossProfit": "7041000000",
            "totalRevenue": "5602000000",
            "costOfRevenue": "728000000",
            "costofGoodsAndServicesSold": "709000000",
            "operatingIncome": "1526000000",
            "sellingGeneralAndAdministrative": "316000000",
            "researchAndDevelopment": "None",
            "operatingExpenses": "46000000",
            "investmentIncomeNet": "None",
            "netInterestIncome": "-994000000",
            "interestIncome": "-373000000",
            "interestExpense": "621000000",
            "nonInterestIncome": "7687000000",
            "otherNonOperatingIncome": "14000000",
            "depreciation": "949000000",
            "depreciationAndAmortization": "1589000000",
            "incomeBeforeTax": "1929000000",
            "incomeTaxExpense": "183000000",
            "interestAndDebtExpense": "994000000",
            "netIncomeFromContinuingOperations": "736000000",
            "comprehensiveIncomeNetOfTax": "1352000000",
            "ebit": "2550000000",
            "ebitda": "4429000000",
            "netIncome": "1746000000"
        },
        {
            "fiscalDateEnding": "2018-12-31",
            "reportedCurrency": "USD",
            "grossProfit": "6921000000",
            "totalRevenue": "7785000000",
            "costOfRevenue": "864000000",
            "costofGoodsAndServicesSold": "799000000",
            "operatingIncome": "2852000000",
            "sellingGeneralAndAdministrative": "45000000",
            "researchAndDevelopment": "None",
            "operatingExpenses": "99000000",
            "investmentIncomeNet": "None",
            "netInterestIncome": "-963000000",
            "interestIncome": "6000000",
            "interestExpense": "963000000",
            "nonInterestIncome": "7929000000",
            "otherNonOperatingIncome": "396000000",
            "depreciation": "1094000000",
            "depreciationAndAmortization": "1172000000",
            "incomeBeforeTax": "2285000000",
            "incomeTaxExpense": "458000000",
            "interestAndDebtExpense": "963000000",
            "netIncomeFromContinuingOperations": "1827000000",
            "comprehensiveIncomeNetOfTax": "1336000000",
            "ebit": "3248000000",
            "ebitda": "4420000000",
            "netIncome": "1827000000"
        }
    ],
    "quarterlyReports": [
        {
            "fiscalDateEnding": "2022-12-31",
            "reportedCurrency": "USD",
            "grossProfit": "2053000000",
            "totalRevenue": "2290000000",
            "costOfRevenue": "237000000",
            "costofGoodsAndServicesSold": "223000000",
            "operatingIncome": "336000000",
            "sellingGeneralAndAdministrative": "None",
            "researchAndDevelopment": "None",
            "operatingExpenses": "29000000",
            "investmentIncomeNet": "None",
            "netInterestIncome": "-152000000",
            "interestIncome": "146000000",
            "interestExpense": "152000000",
            "nonInterestIncome": "2211000000",
            "otherNonOperatingIncome": "18000000",
            "depreciation": "309000000",
            "depreciationAndAmortization": "389000000",
            "incomeBeforeTax": "244000000",
            "incomeTaxExpense": "54000000",
            "interestAndDebtExpense": "152000000",
            "netIncomeFromContinuingOperations": "148000000",
            "comprehensiveIncomeNetOfTax": "196000000",
            "ebit": "396000000",
            "ebitda": "725000000",
            "netIncome": "190000000"
        },
        {
            "fiscalDateEnding": "2022-09-30",
            "reportedCurrency": "USD",
            "grossProfit": "1867000000",
            "totalRevenue": "2134000000",
            "costOfRevenue": "267000000",
            "costofGoodsAndServicesSold": "267000000",
            "operatingIncome": "341000000",
            "sellingGeneralAndAdministrative": "None",
            "researchAndDevelopment": "None",
            "operatingExpenses": "21000000",
            "investmentIncomeNet": "None",
            "netInterestIncome": "-136000000",
            "interestIncome": "136000000",
            "interestExpense": "136000000",
            "nonInterestIncome": "2177000000",
            "otherNonOperatingIncome": "10000000",
            "depreciation": "312000000",
            "depreciationAndAmortization": "337000000",
            "incomeBeforeTax": "215000000",
            "incomeTaxExpense": "41000000",
            "interestAndDebtExpense": "136000000",
            "netIncomeFromContinuingOperations": "174000000",
            "comprehensiveIncomeNetOfTax": "168000000",
            "ebit": "351000000",
            "ebitda": "678000000",
            "netIncome": "174000000"
        },
        {
            "fiscalDateEnding": "2022-06-30",
            "reportedCurrency": "USD",
            "grossProfit": "1393000000",
            "totalRevenue": "1696000000",
            "costOfRevenue": "303000000",
            "costofGoodsAndServicesSold": "229000000",
            "operatingIncome": "243000000",
            "sellingGeneralAndAdministrative": "None",
            "researchAndDevelopment": "None",
            "operatingExpenses": "99000000",
            "investmentIncomeNet": "None",
            "netInterestIncome": "-118000000",
            "interestIncome": "119000000",
            "interestExpense": "118000000",
            "nonInterestIncome": "1650000000",
            "otherNonOperatingIncome": "26000000",
            "depreciation": "289000000",
            "depreciationAndAmortization": "324000000",
            "incomeBeforeTax": "151000000",
            "incomeTaxExpense": "32000000",
            "interestAndDebtExpense": "118000000",
            "netIncomeFromContinuingOperations": "119000000",
            "comprehensiveIncomeNetOfTax": "147000000",
            "ebit": "269000000",
            "ebitda": "567000000",
            "netIncome": "119000000"
        },
        {
            "fiscalDateEnding": "2022-03-31",
            "reportedCurrency": "USD",
            "grossProfit": "1566000000",
            "totalRevenue": "1782000000",
            "costOfRevenue": "216000000",
            "costofGoodsAndServicesSold": "212000000",
            "operatingIncome": "454000000",
            "sellingGeneralAndAdministrative": "None",
            "researchAndDevelopment": "None",
            "operatingExpenses": "11000000",
            "investmentIncomeNet": "None",
            "netInterestIncome": "-107000000",
            "interestIncome": "107000000",
            "interestExpense": "107000000",
            "nonInterestIncome": "1748000000",
            "otherNonOperatingIncome": "0",
            "depreciation": "271000000",
            "depreciationAndAmortization": "278000000",
            "incomeBeforeTax": "347000000",
            "incomeTaxExpense": "74000000",
            "interestAndDebtExpense": "107000000",
            "netIncomeFromContinuingOperations": "273000000",
            "comprehensiveIncomeNetOfTax": "278000000",
            "ebit": "454000000",
            "ebitda": "732000000",
            "netIncome": "273000000"
        },
        {
            "fiscalDateEnding": "2021-12-31",
            "reportedCurrency": "USD",
            "grossProfit": "1302000000",
            "totalRevenue": "1485000000",
            "costOfRevenue": "183000000",
            "costofGoodsAndServicesSold": "179000000",
            "operatingIncome": "308000000",
            "sellingGeneralAndAdministrative": "None",
            "researchAndDevelopment": "None",
            "operatingExpenses": "17000000",
            "investmentIncomeNet": "None",
            "netInterestIncome": "-108000000",
            "interestIncome": "106000000",
            "interestExpense": "108000000",
            "nonInterestIncome": "1493000000",
            "otherNonOperatingIncome": "-10000000",
            "depreciation": "272000000",
            "depreciationAndAmortization": "281000000",
            "incomeBeforeTax": "182000000",
            "incomeTaxExpense": "48000000",
            "interestAndDebtExpense": "108000000",
            "netIncomeFromContinuingOperations": "142000000",
            "comprehensiveIncomeNetOfTax": "160000000",
            "ebit": "290000000",
            "ebitda": "571000000",
            "netIncome": "134000000"
        },
        {
            "fiscalDateEnding": "2021-09-30",
            "reportedCurrency": "USD",
            "grossProfit": "1317000000",
            "totalRevenue": "1512000000",
            "costOfRevenue": "195000000",
            "costofGoodsAndServicesSold": "195000000",
            "operatingIncome": "431000000",
            "sellingGeneralAndAdministrative": "None",
            "researchAndDevelopment": "None",
            "operatingExpenses": "7000000",
            "investmentIncomeNet": "None",
            "netInterestIncome": "-183000000",
            "interestIncome": "177000000",
            "interestExpense": "183000000",
            "nonInterestIncome": "1527000000",
            "otherNonOperatingIncome": "12000000",
            "depreciation": "274000000",
            "depreciationAndAmortization": "264000000",
            "incomeBeforeTax": "258000000",
            "incomeTaxExpense": "51000000",
            "interestAndDebtExpense": "183000000",
            "netIncomeFromContinuingOperations": "209000000",
            "comprehensiveIncomeNetOfTax": "215000000",
            "ebit": "441000000",
            "ebitda": "705000000",
            "netIncome": "207000000"
        },
        {
            "fiscalDateEnding": "2021-06-30",
            "reportedCurrency": "USD",
            "grossProfit": "1092000000",
            "totalRevenue": "1288000000",
            "costOfRevenue": "196000000",
            "costofGoodsAndServicesSold": "159000000",
            "operatingIncome": "270000000",
            "sellingGeneralAndAdministrative": "None",
            "researchAndDevelopment": "None",
            "operatingExpenses": "37000000",
            "investmentIncomeNet": "None",
            "netInterestIncome": "-474000000",
            "interestIncome": "4000000",
            "interestExpense": "474000000",
            "nonInterestIncome": "1302000000",
            "otherNonOperatingIncome": "13000000",
            "depreciation": "269000000",
            "depreciationAndAmortization": "298000000",
            "incomeBeforeTax": "364000000",
            "incomeTaxExpense": "345000000",
            "interestAndDebtExpense": "474000000",
            "netIncomeFromContinuingOperations": "-536000000",
            "comprehensiveIncomeNetOfTax": "3710000000",
            "ebit": "838000000",
            "ebitda": "1136000000",
            "netIncome": "19000000"
        },
        {
            "fiscalDateEnding": "2021-03-31",
            "reportedCurrency": "USD",
            "grossProfit": "1317000000",
            "totalRevenue": "1498000000",
            "costOfRevenue": "181000000",
            "costofGoodsAndServicesSold": "177000000",
            "operatingIncome": "415000000",
            "sellingGeneralAndAdministrative": "None",
            "researchAndDevelopment": "None",
            "operatingExpenses": "6000000",
            "investmentIncomeNet": "None",
            "netInterestIncome": "-153000000",
            "interestIncome": "153000000",
            "interestExpense": "153000000",
            "nonInterestIncome": "1516000000",
            "otherNonOperatingIncome": "0",
            "depreciation": "267000000",
            "depreciationAndAmortization": "278000000",
            "incomeBeforeTax": "-1781000000",
            "incomeTaxExpense": "59000000",
            "interestAndDebtExpense": "153000000",
            "netIncomeFromContinuingOperations": "203000000",
            "comprehensiveIncomeNetOfTax": "-1502000000",
            "ebit": "-1628000000",
            "ebitda": "-1350000000",
            "netIncome": "-1840000000"
        },
        {
            "fiscalDateEnding": "2020-12-31",
            "reportedCurrency": "USD",
            "grossProfit": "1771000000",
            "totalRevenue": "1371000000",
            "costOfRevenue": "158000000",
            "costofGoodsAndServicesSold": "154000000",
            "operatingIncome": "378000000",
            "sellingGeneralAndAdministrative": "None",
            "researchAndDevelopment": "None",
            "operatingExpenses": "11000000",
            "investmentIncomeNet": "None",
            "netInterestIncome": "-251000000",
            "interestIncome": "-96000000",
            "interestExpense": "155000000",
            "nonInterestIncome": "1770000000",
            "otherNonOperatingIncome": "-9000000",
            "depreciation": "260000000",
            "depreciationAndAmortization": "353000000",
            "incomeBeforeTax": "338000000",
            "incomeTaxExpense": "48000000",
            "interestAndDebtExpense": "251000000",
            "netIncomeFromContinuingOperations": "166000000",
            "comprehensiveIncomeNetOfTax": "-3000000",
            "ebit": "493000000",
            "ebitda": "973000000",
            "netIncome": "290000000"
        },
        {
            "fiscalDateEnding": "2020-09-30",
            "reportedCurrency": "USD",
            "grossProfit": "1708000000",
            "totalRevenue": "1400000000",
            "costOfRevenue": "177000000",
            "costofGoodsAndServicesSold": "177000000",
            "operatingIncome": "437000000",
            "sellingGeneralAndAdministrative": "None",
            "researchAndDevelopment": "None",
            "operatingExpenses": "8000000",
            "investmentIncomeNet": "None",
            "netInterestIncome": "-249000000",
            "interestIncome": "-88000000",
            "interestExpense": "161000000",
            "nonInterestIncome": "1860000000",
            "otherNonOperatingIncome": "6000000",
            "depreciation": "257000000",
            "depreciationAndAmortization": "341000000",
            "incomeBeforeTax": "446000000",
            "incomeTaxExpense": "165000000",
            "interestAndDebtExpense": "249000000",
            "netIncomeFromContinuingOperations": "117000000",
            "comprehensiveIncomeNetOfTax": "956000000",
            "ebit": "607000000",
            "ebitda": "1080000000",
            "netIncome": "281000000"
        },
        {
            "fiscalDateEnding": "2020-06-30",
            "reportedCurrency": "USD",
            "grossProfit": "1601000000",
            "totalRevenue": "1263000000",
            "costOfRevenue": "138000000",
            "costofGoodsAndServicesSold": "138000000",
            "operatingIncome": "347000000",
            "sellingGeneralAndAdministrative": "None",
            "researchAndDevelopment": "None",
            "operatingExpenses": "7000000",
            "investmentIncomeNet": "None",
            "netInterestIncome": "-253000000",
            "interestIncome": "-89000000",
            "interestExpense": "164000000",
            "nonInterestIncome": "1725000000",
            "otherNonOperatingIncome": "10000000",
            "depreciation": "255000000",
            "depreciationAndAmortization": "336000000",
            "incomeBeforeTax": "384000000",
            "incomeTaxExpense": "40000000",
            "interestAndDebtExpense": "253000000",
            "netIncomeFromContinuingOperations": "153000000",
            "comprehensiveIncomeNetOfTax": "108000000",
            "ebit": "548000000",
            "ebitda": "1007000000",
            "netIncome": "344000000"
        },
        {
            "fiscalDateEnding": "2020-03-31",
            "reportedCurrency": "USD",
            "grossProfit": "1887000000",
            "totalRevenue": "1440000000",
            "costOfRevenue": "167000000",
            "costofGoodsAndServicesSold": "163000000",
            "operatingIncome": "424000000",
            "sellingGeneralAndAdministrative": "None",
            "researchAndDevelopment": "None",
            "operatingExpenses": "12000000",
            "investmentIncomeNet": "None",
            "netInterestIncome": "-248000000",
            "interestIncome": "-94000000",
            "interestExpense": "154000000",
            "nonInterestIncome": "2103000000",
            "otherNonOperatingIncome": "-5000000",
            "depreciation": "250000000",
            "depreciationAndAmortization": "329000000",
            "incomeBeforeTax": "615000000",
            "incomeTaxExpense": "61000000",
            "interestAndDebtExpense": "248000000",
            "netIncomeFromContinuingOperations": "204000000",
            "comprehensiveIncomeNetOfTax": "546000000",
            "ebit": "769000000",
            "ebitda": "1271000000",
            "netIncome": "554000000"
        },
        {
            "fiscalDateEnding": "2019-12-31",
            "reportedCurrency": "USD",
            "grossProfit": "1954000000",
            "totalRevenue": "1954000000",
            "costOfRevenue": "159000000",
            "costofGoodsAndServicesSold": "153000000",
            "operatingIncome": "693000000",
            "sellingGeneralAndAdministrative": "79000000",
            "researchAndDevelopment": "None",
            "operatingExpenses": "11000000",
            "investmentIncomeNet": "None",
            "netInterestIncome": "-248000000",
            "interestIncome": "-373000000",
            "interestExpense": "-125000000",
            "nonInterestIncome": "1864000000",
            "otherNonOperatingIncome": "-295000000",
            "depreciation": "59000000",
            "depreciationAndAmortization": "330000000",
            "incomeBeforeTax": "219000000",
            "incomeTaxExpense": "-145000000",
            "interestAndDebtExpense": "248000000",
            "netIncomeFromContinuingOperations": "-646000000",
            "comprehensiveIncomeNetOfTax": "693000000",
            "ebit": "94000000",
            "ebitda": "1023000000",
            "netIncome": "364000000"
        },
        {
            "fiscalDateEnding": "2019-09-30",
            "reportedCurrency": "USD",
            "grossProfit": "1739000000",
            "totalRevenue": "1933000000",
            "costOfRevenue": "194000000",
            "costofGoodsAndServicesSold": "194000000",
            "operatingIncome": "726000000",
            "sellingGeneralAndAdministrative": "77000000",
            "researchAndDevelopment": "None",
            "operatingExpenses": "11000000",
            "investmentIncomeNet": "None",
            "netInterestIncome": "-259000000",
            "interestIncome": "3000000",
            "interestExpense": "259000000",
            "nonInterestIncome": "1974000000",
            "otherNonOperatingIncome": "126000000",
            "depreciation": "306000000",
            "depreciationAndAmortization": "335000000",
            "incomeBeforeTax": "593000000",
            "incomeTaxExpense": "118000000",
            "interestAndDebtExpense": "259000000",
            "netIncomeFromContinuingOperations": "475000000",
            "comprehensiveIncomeNetOfTax": "199000000",
            "ebit": "852000000",
            "ebitda": "1187000000",
            "netIncome": "475000000"
        },
        {
            "fiscalDateEnding": "2019-06-30",
            "reportedCurrency": "USD",
            "grossProfit": "1635000000",
            "totalRevenue": "1803000000",
            "costOfRevenue": "168000000",
            "costofGoodsAndServicesSold": "168000000",
            "operatingIncome": "640000000",
            "sellingGeneralAndAdministrative": "80000000",
            "researchAndDevelopment": "None",
            "operatingExpenses": "2000000",
            "investmentIncomeNet": "None",
            "netInterestIncome": "-246000000",
            "interestIncome": "3000000",
            "interestExpense": "246000000",
            "nonInterestIncome": "1818000000",
            "otherNonOperatingIncome": "131000000",
            "depreciation": "300000000",
            "depreciationAndAmortization": "309000000",
            "incomeBeforeTax": "525000000",
            "incomeTaxExpense": "84000000",
            "interestAndDebtExpense": "246000000",
            "netIncomeFromContinuingOperations": "441000000",
            "comprehensiveIncomeNetOfTax": "92000000",
            "ebit": "771000000",
            "ebitda": "1080000000",
            "netIncome": "441000000"
        },
        {
            "fiscalDateEnding": "2019-03-31",
            "reportedCurrency": "USD",
            "grossProfit": "1881000000",
            "totalRevenue": "2079000000",
            "costOfRevenue": "198000000",
            "costofGoodsAndServicesSold": "194000000",
            "operatingIncome": "781000000",
            "sellingGeneralAndAdministrative": "80000000",
            "researchAndDevelopment": "None",
            "operatingExpenses": "13000000",
            "investmentIncomeNet": "None",
            "netInterestIncome": "-241000000",
            "interestIncome": "274000000",
            "interestExpense": "241000000",
            "nonInterestIncome": "2030000000",
            "otherNonOperatingIncome": "52000000",
            "depreciation": "284000000",
            "depreciationAndAmortization": "306000000",
            "incomeBeforeTax": "592000000",
            "incomeTaxExpense": "126000000",
            "interestAndDebtExpense": "241000000",
            "netIncomeFromContinuingOperations": "466000000",
            "comprehensiveIncomeNetOfTax": "783000000",
            "ebit": "833000000",
            "ebitda": "1139000000",
            "netIncome": "466000000"
        },
        {
            "fiscalDateEnding": "2018-12-31",
            "reportedCurrency": "USD",
            "grossProfit": "1939000000",
            "totalRevenue": "1939000000",
            "costOfRevenue": "241000000",
            "costofGoodsAndServicesSold": "190000000",
            "operatingIncome": "657000000",
            "sellingGeneralAndAdministrative": "62000000",
            "researchAndDevelopment": "None",
            "operatingExpenses": "61000000",
            "investmentIncomeNet": "None",
            "netInterestIncome": "-245000000",
            "interestIncome": "None",
            "interestExpense": "245000000",
            "nonInterestIncome": "1997000000",
            "otherNonOperatingIncome": "99000000",
            "depreciation": "277000000",
            "depreciationAndAmortization": "299000000",
            "incomeBeforeTax": "511000000",
            "incomeTaxExpense": "96000000",
            "interestAndDebtExpense": "245000000",
            "netIncomeFromContinuingOperations": "657000000",
            "comprehensiveIncomeNetOfTax": "657000000",
            "ebit": "756000000",
            "ebitda": "1055000000",
            "netIncome": "415000000"
        },
        {
            "fiscalDateEnding": "2018-09-30",
            "reportedCurrency": "USD",
            "grossProfit": "1666000000",
            "totalRevenue": "1872000000",
            "costOfRevenue": "206000000",
            "costofGoodsAndServicesSold": "206000000",
            "operatingIncome": "686000000",
            "sellingGeneralAndAdministrative": "61000000",
            "researchAndDevelopment": "None",
            "operatingExpenses": "11000000",
            "investmentIncomeNet": "None",
            "netInterestIncome": "-244000000",
            "interestIncome": "None",
            "interestExpense": "244000000",
            "nonInterestIncome": "1893000000",
            "otherNonOperatingIncome": "106000000",
            "depreciation": "275000000",
            "depreciationAndAmortization": "297000000",
            "incomeBeforeTax": "548000000",
            "incomeTaxExpense": "103000000",
            "interestAndDebtExpense": "244000000",
            "netIncomeFromContinuingOperations": "445000000",
            "comprehensiveIncomeNetOfTax": "292000000",
            "ebit": "792000000",
            "ebitda": "1089000000",
            "netIncome": "445000000"
        },
        {
            "fiscalDateEnding": "2018-06-30",
            "reportedCurrency": "USD",
            "grossProfit": "1153000000",
            "totalRevenue": "1848000000",
            "costOfRevenue": "695000000",
            "costofGoodsAndServicesSold": "695000000",
            "operatingIncome": "658000000",
            "sellingGeneralAndAdministrative": "66000000",
            "researchAndDevelopment": "None",
            "operatingExpenses": "3000000",
            "investmentIncomeNet": "None",
            "netInterestIncome": "-235000000",
            "interestIncome": "None",
            "interestExpense": "235000000",
            "nonInterestIncome": "2008000000",
            "otherNonOperatingIncome": "234000000",
            "depreciation": "273000000",
            "depreciationAndAmortization": "286000000",
            "incomeBeforeTax": "657000000",
            "incomeTaxExpense": "142000000",
            "interestAndDebtExpense": "235000000",
            "netIncomeFromContinuingOperations": "515000000",
            "comprehensiveIncomeNetOfTax": "299000000",
            "ebit": "892000000",
            "ebitda": "1178000000",
            "netIncome": "515000000"
        },
        {
            "fiscalDateEnding": "2018-03-31",
            "reportedCurrency": "USD",
            "grossProfit": "1441000000",
            "totalRevenue": "2126000000",
            "costOfRevenue": "685000000",
            "costofGoodsAndServicesSold": "682000000",
            "operatingIncome": "851000000",
            "sellingGeneralAndAdministrative": "66000000",
            "researchAndDevelopment": "None",
            "operatingExpenses": "13000000",
            "investmentIncomeNet": "None",
            "netInterestIncome": "-239000000",
            "interestIncome": "None",
            "interestExpense": "239000000",
            "nonInterestIncome": "2254000000",
            "otherNonOperatingIncome": "-43000000",
            "depreciation": "269000000",
            "depreciationAndAmortization": "290000000",
            "incomeBeforeTax": "569000000",
            "incomeTaxExpense": "117000000",
            "interestAndDebtExpense": "239000000",
            "netIncomeFromContinuingOperations": "452000000",
            "comprehensiveIncomeNetOfTax": "595000000",
            "ebit": "808000000",
            "ebitda": "1098000000",
            "netIncome": "452000000"
        }
    ]
}