{
    "symbol": "ROP",
    "annualReports": [
        {
            "fiscalDateEnding": "2022-12-31",
            "reportedCurrency": "USD",
            "grossProfit": "3752800000",
            "totalRevenue": "5371800000",
            "costOfRevenue": "1619000000",
            "costofGoodsAndServicesSold": "1619000000",
            "operatingIncome": "1524500000",
            "sellingGeneralAndAdministrative": "2228300000",
            "researchAndDevelopment": "529800000",
            "operatingExpenses": "3370900000",
            "investmentIncomeNet": "None",
            "netInterestIncome": "-192400000",
            "interestIncome": "192400000",
            "interestExpense": "192400000",
            "nonInterestIncome": "5371800000",
            "otherNonOperatingIncome": "None",
            "depreciation": "37300000",
            "depreciationAndAmortization": "612800000",
            "incomeBeforeTax": "4841100000",
            "incomeTaxExpense": "296400000",
            "interestAndDebtExpense": "192400000",
            "netIncomeFromContinuingOperations": "985600000",
            "comprehensiveIncomeNetOfTax": "4540800000",
            "ebit": "5033500000",
            "ebitda": "5646300000",
            "netIncome": "4544700000"
        },
        {
            "fiscalDateEnding": "2021-12-31",
            "reportedCurrency": "USD",
            "grossProfit": "3407600000",
            "totalRevenue": "4833800000",
            "costOfRevenue": "1426200000",
            "costofGoodsAndServicesSold": "1860400000",
            "operatingIncome": "1241200000",
            "sellingGeneralAndAdministrative": "2072000000",
            "researchAndDevelopment": "484800000",
            "operatingExpenses": "3550000000",
            "investmentIncomeNet": "None",
            "netInterestIncome": "-234100000",
            "interestIncome": "-200000",
            "interestExpense": "233900000",
            "nonInterestIncome": "5776400000",
            "otherNonOperatingIncome": "24900000",
            "depreciation": "44000000",
            "depreciationAndAmortization": "584400000",
            "incomeBeforeTax": "1379200000",
            "incomeTaxExpense": "226600000",
            "interestAndDebtExpense": "234100000",
            "netIncomeFromContinuingOperations": "805300000",
            "comprehensiveIncomeNetOfTax": "1116500000",
            "ebit": "1613100000",
            "ebitda": "2197500000",
            "netIncome": "1152600000"
        },
        {
            "fiscalDateEnding": "2020-12-31",
            "reportedCurrency": "USD",
            "grossProfit": "2828300000",
            "totalRevenue": "4022400000",
            "costOfRevenue": "1194100000",
            "costofGoodsAndServicesSold": "1984100000",
            "operatingIncome": "1082900000",
            "sellingGeneralAndAdministrative": "1745400000",
            "researchAndDevelopment": "382400000",
            "operatingExpenses": "3025400000",
            "investmentIncomeNet": "None",
            "netInterestIncome": "-218900000",
            "interestIncome": "-400000",
            "interestExpense": "218500000",
            "nonInterestIncome": "5522800000",
            "otherNonOperatingIncome": "-2900000",
            "depreciation": "40600000",
            "depreciationAndAmortization": "467400000",
            "incomeBeforeTax": "1137200000",
            "incomeTaxExpense": "187500000",
            "interestAndDebtExpense": "218900000",
            "netIncomeFromContinuingOperations": "673800000",
            "comprehensiveIncomeNetOfTax": "1015500000",
            "ebit": "1355700000",
            "ebitda": "1823100000",
            "netIncome": "949700000"
        },
        {
            "fiscalDateEnding": "2019-12-31",
            "reportedCurrency": "USD",
            "grossProfit": "3140100000",
            "totalRevenue": "4727700000",
            "costOfRevenue": "1587600000",
            "costofGoodsAndServicesSold": "1939700000",
            "operatingIncome": "1328300000",
            "sellingGeneralAndAdministrative": "1811800000",
            "researchAndDevelopment": "379700000",
            "operatingExpenses": "2634600000",
            "investmentIncomeNet": "None",
            "netInterestIncome": "-186600000",
            "interestIncome": "-400000",
            "interestExpense": "186200000",
            "nonInterestIncome": "6283800000",
            "otherNonOperatingIncome": "915600000",
            "depreciation": "43100000",
            "depreciationAndAmortization": "366800000",
            "incomeBeforeTax": "2185300000",
            "incomeTaxExpense": "417400000",
            "interestAndDebtExpense": "186600000",
            "netIncomeFromContinuingOperations": "1640000000",
            "comprehensiveIncomeNetOfTax": "1798400000",
            "ebit": "2371500000",
            "ebitda": "2738300000",
            "netIncome": "1767900000"
        },
        {
            "fiscalDateEnding": "2018-12-31",
            "reportedCurrency": "USD",
            "grossProfit": "3279500000",
            "totalRevenue": "5191200000",
            "costOfRevenue": "1911700000",
            "costofGoodsAndServicesSold": "1911700000",
            "operatingIncome": "1396400000",
            "sellingGeneralAndAdministrative": "1883100000",
            "researchAndDevelopment": "376900000",
            "operatingExpenses": "2517400000",
            "investmentIncomeNet": "None",
            "netInterestIncome": "-182100000",
            "interestIncome": "182300000",
            "interestExpense": "182100000",
            "nonInterestIncome": "5175500000",
            "otherNonOperatingIncome": "None",
            "depreciation": "49500000",
            "depreciationAndAmortization": "317500000",
            "incomeBeforeTax": "1198400000",
            "incomeTaxExpense": "254000000",
            "interestAndDebtExpense": "198000000",
            "netIncomeFromContinuingOperations": "944400000",
            "comprehensiveIncomeNetOfTax": "887300000",
            "ebit": "1380500000",
            "ebitda": "1698000000",
            "netIncome": "944400000"
        }
    ],
    "quarterlyReports": [
        {
            "fiscalDateEnding": "2022-12-31",
            "reportedCurrency": "USD",
            "grossProfit": "1002300000",
            "totalRevenue": "1430900000",
            "costOfRevenue": "428600000",
            "costofGoodsAndServicesSold": "428600000",
            "operatingIncome": "412500000",
            "sellingGeneralAndAdministrative": "589800000",
            "researchAndDevelopment": "None",
            "operatingExpenses": "1294000000",
            "investmentIncomeNet": "None",
            "netInterestIncome": "-53800000",
            "interestIncome": "53800000",
            "interestExpense": "53800000",
            "nonInterestIncome": "1430900000",
            "otherNonOperatingIncome": "None",
            "depreciation": "9300000",
            "depreciationAndAmortization": "174400000",
            "incomeBeforeTax": "1989500000",
            "incomeTaxExpense": "61100000",
            "interestAndDebtExpense": "53800000",
            "netIncomeFromContinuingOperations": "247300000",
            "comprehensiveIncomeNetOfTax": "2210100000",
            "ebit": "2043300000",
            "ebitda": "2217700000",
            "netIncome": "1928400000"
        },
        {
            "fiscalDateEnding": "2022-09-30",
            "reportedCurrency": "USD",
            "grossProfit": "941800000",
            "totalRevenue": "1350300000",
            "costOfRevenue": "408500000",
            "costofGoodsAndServicesSold": "408500000",
            "operatingIncome": "393200000",
            "sellingGeneralAndAdministrative": "548600000",
            "researchAndDevelopment": "None",
            "operatingExpenses": "548600000",
            "investmentIncomeNet": "None",
            "netInterestIncome": "-41300000",
            "interestIncome": "41300000",
            "interestExpense": "41300000",
            "nonInterestIncome": "1350300000",
            "otherNonOperatingIncome": "3600000",
            "depreciation": "9300000",
            "depreciationAndAmortization": "147100000",
            "incomeBeforeTax": "405600000",
            "incomeTaxExpense": "78600000",
            "interestAndDebtExpense": "41300000",
            "netIncomeFromContinuingOperations": "276900000",
            "comprehensiveIncomeNetOfTax": "146100000",
            "ebit": "446900000",
            "ebitda": "594000000",
            "netIncome": "327000000"
        },
        {
            "fiscalDateEnding": "2022-06-30",
            "reportedCurrency": "USD",
            "grossProfit": "911500000",
            "totalRevenue": "1310800000",
            "costOfRevenue": "399300000",
            "costofGoodsAndServicesSold": "399300000",
            "operatingIncome": "362900000",
            "sellingGeneralAndAdministrative": "548600000",
            "researchAndDevelopment": "None",
            "operatingExpenses": "548600000",
            "investmentIncomeNet": "None",
            "netInterestIncome": "-44700000",
            "interestIncome": "44700000",
            "interestExpense": "44700000",
            "nonInterestIncome": "1310800000",
            "otherNonOperatingIncome": "-1300000",
            "depreciation": "7700000",
            "depreciationAndAmortization": "143200000",
            "incomeBeforeTax": "360700000",
            "incomeTaxExpense": "91900000",
            "interestAndDebtExpense": "44700000",
            "netIncomeFromContinuingOperations": "225000000",
            "comprehensiveIncomeNetOfTax": "187000000",
            "ebit": "405400000",
            "ebitda": "548600000",
            "netIncome": "268800000"
        },
        {
            "fiscalDateEnding": "2022-03-31",
            "reportedCurrency": "USD",
            "grossProfit": "897200000",
            "totalRevenue": "1393700000",
            "costOfRevenue": "496500000",
            "costofGoodsAndServicesSold": "496500000",
            "operatingIncome": "355900000",
            "sellingGeneralAndAdministrative": "609000000",
            "researchAndDevelopment": "None",
            "operatingExpenses": "757100000",
            "investmentIncomeNet": "None",
            "netInterestIncome": "-52600000",
            "interestIncome": "52600000",
            "interestExpense": "52600000",
            "nonInterestIncome": "1526600000",
            "otherNonOperatingIncome": "-1900000",
            "depreciation": "11000000",
            "depreciationAndAmortization": "148100000",
            "incomeBeforeTax": "2099500000",
            "incomeTaxExpense": "79000000",
            "interestAndDebtExpense": "52600000",
            "netIncomeFromContinuingOperations": "236400000",
            "comprehensiveIncomeNetOfTax": "1997600000",
            "ebit": "2152100000",
            "ebitda": "2300200000",
            "netIncome": "2020500000"
        },
        {
            "fiscalDateEnding": "2021-12-31",
            "reportedCurrency": "USD",
            "grossProfit": "880400000",
            "totalRevenue": "1256600000",
            "costOfRevenue": "376200000",
            "costofGoodsAndServicesSold": "494300000",
            "operatingIncome": "260500000",
            "sellingGeneralAndAdministrative": "525500000",
            "researchAndDevelopment": "None",
            "operatingExpenses": "1371400000",
            "investmentIncomeNet": "None",
            "netInterestIncome": "-55900000",
            "interestIncome": "-200000",
            "interestExpense": "55700000",
            "nonInterestIncome": "1512300000",
            "otherNonOperatingIncome": "-1300000",
            "depreciation": "10100000",
            "depreciationAndAmortization": "145600000",
            "incomeBeforeTax": "325100000",
            "incomeTaxExpense": "37300000",
            "interestAndDebtExpense": "55900000",
            "netIncomeFromContinuingOperations": "167100000",
            "comprehensiveIncomeNetOfTax": "255200000",
            "ebit": "380800000",
            "ebitda": "526400000",
            "netIncome": "287800000"
        },
        {
            "fiscalDateEnding": "2021-09-30",
            "reportedCurrency": "USD",
            "grossProfit": "871700000",
            "totalRevenue": "1232100000",
            "costOfRevenue": "360400000",
            "costofGoodsAndServicesSold": "466700000",
            "operatingIncome": "346900000",
            "sellingGeneralAndAdministrative": "524800000",
            "researchAndDevelopment": "None",
            "operatingExpenses": "592600000",
            "investmentIncomeNet": "None",
            "netInterestIncome": "-58200000",
            "interestIncome": "58200000",
            "interestExpense": "58200000",
            "nonInterestIncome": "1462800000",
            "otherNonOperatingIncome": "-1700000",
            "depreciation": "10400000",
            "depreciationAndAmortization": "145600000",
            "incomeBeforeTax": "365300000",
            "incomeTaxExpense": "75800000",
            "interestAndDebtExpense": "58200000",
            "netIncomeFromContinuingOperations": "210800000",
            "comprehensiveIncomeNetOfTax": "254100000",
            "ebit": "423500000",
            "ebitda": "569100000",
            "netIncome": "289500000"
        },
        {
            "fiscalDateEnding": "2021-06-30",
            "reportedCurrency": "USD",
            "grossProfit": "839200000",
            "totalRevenue": "1189800000",
            "costOfRevenue": "350600000",
            "costofGoodsAndServicesSold": "553500000",
            "operatingIncome": "316200000",
            "sellingGeneralAndAdministrative": "523000000",
            "researchAndDevelopment": "None",
            "operatingExpenses": "616100000",
            "investmentIncomeNet": "None",
            "netInterestIncome": "-59500000",
            "interestIncome": "59500000",
            "interestExpense": "59500000",
            "nonInterestIncome": "1587600000",
            "otherNonOperatingIncome": "900000",
            "depreciation": "10400000",
            "depreciationAndAmortization": "146600000",
            "incomeBeforeTax": "338400000",
            "incomeTaxExpense": "52100000",
            "interestAndDebtExpense": "59500000",
            "netIncomeFromContinuingOperations": "204400000",
            "comprehensiveIncomeNetOfTax": "303600000",
            "ebit": "397900000",
            "ebitda": "544500000",
            "netIncome": "286300000"
        },
        {
            "fiscalDateEnding": "2021-03-31",
            "reportedCurrency": "USD",
            "grossProfit": "816300000",
            "totalRevenue": "1256400000",
            "costOfRevenue": "440100000",
            "costofGoodsAndServicesSold": "534800000",
            "operatingIncome": "317600000",
            "sellingGeneralAndAdministrative": "561400000",
            "researchAndDevelopment": "None",
            "operatingExpenses": "739900000",
            "investmentIncomeNet": "None",
            "netInterestIncome": "-60600000",
            "interestIncome": "60600000",
            "interestExpense": "60600000",
            "nonInterestIncome": "1528600000",
            "otherNonOperatingIncome": "27000000",
            "depreciation": "13100000",
            "depreciationAndAmortization": "146600000",
            "incomeBeforeTax": "360200000",
            "incomeTaxExpense": "71200000",
            "interestAndDebtExpense": "60600000",
            "netIncomeFromContinuingOperations": "223000000",
            "comprehensiveIncomeNetOfTax": "303600000",
            "ebit": "420800000",
            "ebitda": "567400000",
            "netIncome": "289000000"
        },
        {
            "fiscalDateEnding": "2020-12-31",
            "reportedCurrency": "USD",
            "grossProfit": "900900000",
            "totalRevenue": "946300000",
            "costOfRevenue": "45400000",
            "costofGoodsAndServicesSold": "538700000",
            "operatingIncome": "343000000",
            "sellingGeneralAndAdministrative": "306000000",
            "researchAndDevelopment": "None",
            "operatingExpenses": "1179600000",
            "investmentIncomeNet": "None",
            "netInterestIncome": "-63700000",
            "interestIncome": "63700000",
            "interestExpense": "63700000",
            "nonInterestIncome": "1505300000",
            "otherNonOperatingIncome": "500000",
            "depreciation": "7500000",
            "depreciationAndAmortization": "147600000",
            "incomeBeforeTax": "272100000",
            "incomeTaxExpense": "16300000",
            "interestAndDebtExpense": "63700000",
            "netIncomeFromContinuingOperations": "225000000",
            "comprehensiveIncomeNetOfTax": "350200000",
            "ebit": "335800000",
            "ebitda": "483400000",
            "netIncome": "255800000"
        },
        {
            "fiscalDateEnding": "2020-09-30",
            "reportedCurrency": "USD",
            "grossProfit": "809900000",
            "totalRevenue": "1198200000",
            "costOfRevenue": "388300000",
            "costofGoodsAndServicesSold": "490200000",
            "operatingIncome": "330500000",
            "sellingGeneralAndAdministrative": "479400000",
            "researchAndDevelopment": "None",
            "operatingExpenses": "508300000",
            "investmentIncomeNet": "None",
            "netInterestIncome": "-62300000",
            "interestIncome": "-100000",
            "interestExpense": "62200000",
            "nonInterestIncome": "1366100000",
            "otherNonOperatingIncome": "-2200000",
            "depreciation": "8000000",
            "depreciationAndAmortization": "116800000",
            "incomeBeforeTax": "293600000",
            "incomeTaxExpense": "59200000",
            "interestAndDebtExpense": "62300000",
            "netIncomeFromContinuingOperations": "207000000",
            "comprehensiveIncomeNetOfTax": "277800000",
            "ebit": "355800000",
            "ebitda": "472600000",
            "netIncome": "234400000"
        },
        {
            "fiscalDateEnding": "2020-06-30",
            "reportedCurrency": "USD",
            "grossProfit": "772500000",
            "totalRevenue": "1233800000",
            "costOfRevenue": "461300000",
            "costofGoodsAndServicesSold": "461300000",
            "operatingIncome": "291600000",
            "sellingGeneralAndAdministrative": "510100000",
            "researchAndDevelopment": "None",
            "operatingExpenses": "510100000",
            "investmentIncomeNet": "None",
            "netInterestIncome": "-47500000",
            "interestIncome": "47500000",
            "interestExpense": "47500000",
            "nonInterestIncome": "1305000000",
            "otherNonOperatingIncome": "-2000000",
            "depreciation": "12300000",
            "depreciationAndAmortization": "101200000",
            "incomeBeforeTax": "284100000",
            "incomeTaxExpense": "64900000",
            "interestAndDebtExpense": "47500000",
            "netIncomeFromContinuingOperations": "184000000",
            "comprehensiveIncomeNetOfTax": "275400000",
            "ebit": "331600000",
            "ebitda": "432800000",
            "netIncome": "219200000"
        },
        {
            "fiscalDateEnding": "2020-03-31",
            "reportedCurrency": "USD",
            "grossProfit": "787500000",
            "totalRevenue": "1281400000",
            "costOfRevenue": "493900000",
            "costofGoodsAndServicesSold": "493900000",
            "operatingIncome": "308400000",
            "sellingGeneralAndAdministrative": "507600000",
            "researchAndDevelopment": "None",
            "operatingExpenses": "609400000",
            "investmentIncomeNet": "None",
            "netInterestIncome": "-45400000",
            "interestIncome": "45400000",
            "interestExpense": "45400000",
            "nonInterestIncome": "1350700000",
            "otherNonOperatingIncome": "800000",
            "depreciation": "12800000",
            "depreciationAndAmortization": "101800000",
            "incomeBeforeTax": "304600000",
            "incomeTaxExpense": "64300000",
            "interestAndDebtExpense": "45400000",
            "netIncomeFromContinuingOperations": "209500000",
            "comprehensiveIncomeNetOfTax": "112100000",
            "ebit": "350000000",
            "ebitda": "451800000",
            "netIncome": "240300000"
        },
        {
            "fiscalDateEnding": "2019-12-31",
            "reportedCurrency": "USD",
            "grossProfit": "892900000",
            "totalRevenue": "1042700000",
            "costOfRevenue": "149800000",
            "costofGoodsAndServicesSold": "501900000",
            "operatingIncome": "398400000",
            "sellingGeneralAndAdministrative": "377600000",
            "researchAndDevelopment": "None",
            "operatingExpenses": "1056800000",
            "investmentIncomeNet": "None",
            "netInterestIncome": "-49000000",
            "interestIncome": "-400000",
            "interestExpense": "48600000",
            "nonInterestIncome": "1394800000",
            "otherNonOperatingIncome": "798600000",
            "depreciation": "7200000",
            "depreciationAndAmortization": "103600000",
            "incomeBeforeTax": "1105900000",
            "incomeTaxExpense": "234800000",
            "interestAndDebtExpense": "49000000",
            "netIncomeFromContinuingOperations": "743200000",
            "comprehensiveIncomeNetOfTax": "943400000",
            "ebit": "1154500000",
            "ebitda": "1258100000",
            "netIncome": "871100000"
        },
        {
            "fiscalDateEnding": "2019-09-30",
            "reportedCurrency": "USD",
            "grossProfit": "873600000",
            "totalRevenue": "1354500000",
            "costOfRevenue": "480900000",
            "costofGoodsAndServicesSold": "480900000",
            "operatingIncome": "385200000",
            "sellingGeneralAndAdministrative": "488400000",
            "researchAndDevelopment": "None",
            "operatingExpenses": "488400000",
            "investmentIncomeNet": "None",
            "netInterestIncome": "-48800000",
            "interestIncome": "48800000",
            "interestExpense": "48800000",
            "nonInterestIncome": "1354500000",
            "otherNonOperatingIncome": "1500000",
            "depreciation": "12500000",
            "depreciationAndAmortization": "93800000",
            "incomeBeforeTax": "337900000",
            "incomeTaxExpense": "60400000",
            "interestAndDebtExpense": "48800000",
            "netIncomeFromContinuingOperations": "277500000",
            "comprehensiveIncomeNetOfTax": "235600000",
            "ebit": "386700000",
            "ebitda": "480500000",
            "netIncome": "277500000"
        },
        {
            "fiscalDateEnding": "2019-06-30",
            "reportedCurrency": "USD",
            "grossProfit": "850000000",
            "totalRevenue": "1330300000",
            "costOfRevenue": "480300000",
            "costofGoodsAndServicesSold": "480300000",
            "operatingIncome": "368400000",
            "sellingGeneralAndAdministrative": "481600000",
            "researchAndDevelopment": "None",
            "operatingExpenses": "481600000",
            "investmentIncomeNet": "None",
            "netInterestIncome": "-45100000",
            "interestIncome": "45100000",
            "interestExpense": "45100000",
            "nonInterestIncome": "1330300000",
            "otherNonOperatingIncome": "-1000000",
            "depreciation": "11700000",
            "depreciationAndAmortization": "86500000",
            "incomeBeforeTax": "322300000",
            "incomeTaxExpense": "72600000",
            "interestAndDebtExpense": "45100000",
            "netIncomeFromContinuingOperations": "249700000",
            "comprehensiveIncomeNetOfTax": "221100000",
            "ebit": "367400000",
            "ebitda": "453900000",
            "netIncome": "249700000"
        },
        {
            "fiscalDateEnding": "2019-03-31",
            "reportedCurrency": "USD",
            "grossProfit": "810600000",
            "totalRevenue": "1287200000",
            "costOfRevenue": "476600000",
            "costofGoodsAndServicesSold": "476600000",
            "operatingIncome": "346400000",
            "sellingGeneralAndAdministrative": "464200000",
            "researchAndDevelopment": "None",
            "operatingExpenses": "427500000",
            "investmentIncomeNet": "None",
            "netInterestIncome": "-43700000",
            "interestIncome": "None",
            "interestExpense": "43700000",
            "nonInterestIncome": "1406800000",
            "otherNonOperatingIncome": "116500000",
            "depreciation": "11700000",
            "depreciationAndAmortization": "82900000",
            "incomeBeforeTax": "419200000",
            "incomeTaxExpense": "49600000",
            "interestAndDebtExpense": "43700000",
            "netIncomeFromContinuingOperations": "369600000",
            "comprehensiveIncomeNetOfTax": "398300000",
            "ebit": "462900000",
            "ebitda": "545800000",
            "netIncome": "369600000"
        },
        {
            "fiscalDateEnding": "2018-12-31",
            "reportedCurrency": "USD",
            "grossProfit": "873100000",
            "totalRevenue": "1376300000",
            "costOfRevenue": "503200000",
            "costofGoodsAndServicesSold": "503200000",
            "operatingIncome": "364400000",
            "sellingGeneralAndAdministrative": "508700000",
            "researchAndDevelopment": "316800000",
            "operatingExpenses": "889700000",
            "investmentIncomeNet": "None",
            "netInterestIncome": "-47300000",
            "interestIncome": "None",
            "interestExpense": "47300000",
            "nonInterestIncome": "1376300000",
            "otherNonOperatingIncome": "None",
            "depreciation": "12200000",
            "depreciationAndAmortization": "64200000",
            "incomeBeforeTax": "318100000",
            "incomeTaxExpense": "61000000",
            "interestAndDebtExpense": "47300000",
            "netIncomeFromContinuingOperations": "364400000",
            "comprehensiveIncomeNetOfTax": "213400000",
            "ebit": "365400000",
            "ebitda": "429600000",
            "netIncome": "257100000"
        },
        {
            "fiscalDateEnding": "2018-09-30",
            "reportedCurrency": "USD",
            "grossProfit": "840000000",
            "totalRevenue": "1318700000",
            "costOfRevenue": "478700000",
            "costofGoodsAndServicesSold": "478700000",
            "operatingIncome": "377500000",
            "sellingGeneralAndAdministrative": "462500000",
            "researchAndDevelopment": "None",
            "operatingExpenses": "468900000",
            "investmentIncomeNet": "None",
            "netInterestIncome": "-48400000",
            "interestIncome": "None",
            "interestExpense": "48400000",
            "nonInterestIncome": "2621500000",
            "otherNonOperatingIncome": "-17500000",
            "depreciation": "12100000",
            "depreciationAndAmortization": "6400000",
            "incomeBeforeTax": "311600000",
            "incomeTaxExpense": "64000000",
            "interestAndDebtExpense": "64300000",
            "netIncomeFromContinuingOperations": "247600000",
            "comprehensiveIncomeNetOfTax": "252600000",
            "ebit": "360000000",
            "ebitda": "366400000",
            "netIncome": "247600000"
        },
        {
            "fiscalDateEnding": "2018-06-30",
            "reportedCurrency": "USD",
            "grossProfit": "815900000",
            "totalRevenue": "1293700000",
            "costOfRevenue": "477800000",
            "costofGoodsAndServicesSold": "477800000",
            "operatingIncome": "354300000",
            "sellingGeneralAndAdministrative": "461600000",
            "researchAndDevelopment": "None",
            "operatingExpenses": "468000000",
            "investmentIncomeNet": "None",
            "netInterestIncome": "-43200000",
            "interestIncome": "None",
            "interestExpense": "43200000",
            "nonInterestIncome": "1293700000",
            "otherNonOperatingIncome": "2300000",
            "depreciation": "12600000",
            "depreciationAndAmortization": "6400000",
            "incomeBeforeTax": "313400000",
            "incomeTaxExpense": "85000000",
            "interestAndDebtExpense": "43200000",
            "netIncomeFromContinuingOperations": "228400000",
            "comprehensiveIncomeNetOfTax": "152200000",
            "ebit": "356600000",
            "ebitda": "363000000",
            "netIncome": "228400000"
        },
        {
            "fiscalDateEnding": "2018-03-31",
            "reportedCurrency": "USD",
            "grossProfit": "750500000",
            "totalRevenue": "1202500000",
            "costOfRevenue": "452000000",
            "costofGoodsAndServicesSold": "452000000",
            "operatingIncome": "300200000",
            "sellingGeneralAndAdministrative": "450300000",
            "researchAndDevelopment": "None",
            "operatingExpenses": "530500000",
            "investmentIncomeNet": "None",
            "netInterestIncome": "-43200000",
            "interestIncome": "None",
            "interestExpense": "43200000",
            "nonInterestIncome": "1202500000",
            "otherNonOperatingIncome": "-1700000",
            "depreciation": "12600000",
            "depreciationAndAmortization": "80200000",
            "incomeBeforeTax": "255300000",
            "incomeTaxExpense": "44000000",
            "interestAndDebtExpense": "43200000",
            "netIncomeFromContinuingOperations": "211300000",
            "comprehensiveIncomeNetOfTax": "269100000",
            "ebit": "298500000",
            "ebitda": "378700000",
            "netIncome": "211300000"
        }
    ]
}