{
    "symbol": "SO",
    "annualReports": [
        {
            "fiscalDateEnding": "2022-12-31",
            "reportedCurrency": "USD",
            "grossProfit": "27149000000",
            "totalRevenue": "29279000000",
            "costOfRevenue": "2130000000",
            "costofGoodsAndServicesSold": "18458000000",
            "operatingIncome": "5370000000",
            "sellingGeneralAndAdministrative": "1411000000",
            "researchAndDevelopment": "None",
            "operatingExpenses": "2073000000",
            "investmentIncomeNet": "59000000",
            "netInterestIncome": "-340000000",
            "interestIncome": "1871000000",
            "interestExpense": "340000000",
            "nonInterestIncome": "25941000000",
            "otherNonOperatingIncome": "500000000",
            "depreciation": "None",
            "depreciationAndAmortization": "62000000",
            "incomeBeforeTax": "4330000000",
            "incomeTaxExpense": "795000000",
            "interestAndDebtExpense": "2022000000",
            "netIncomeFromContinuingOperations": "3428000000",
            "comprehensiveIncomeNetOfTax": "3595000000",
            "ebit": "5370000000",
            "ebitda": "4732000000",
            "netIncome": "3535000000"
        },
        {
            "fiscalDateEnding": "2021-12-31",
            "reportedCurrency": "USD",
            "grossProfit": "21349000000",
            "totalRevenue": "23113000000",
            "costOfRevenue": "1764000000",
            "costofGoodsAndServicesSold": "13052000000",
            "operatingIncome": "3698000000",
            "sellingGeneralAndAdministrative": "1290000000",
            "researchAndDevelopment": "None",
            "operatingExpenses": "1578000000",
            "investmentIncomeNet": "22000000",
            "netInterestIncome": "-293000000",
            "interestIncome": "1761000000",
            "interestExpense": "293000000",
            "nonInterestIncome": "23319000000",
            "otherNonOperatingIncome": "456000000",
            "depreciation": "None",
            "depreciationAndAmortization": "65000000",
            "incomeBeforeTax": "2675000000",
            "incomeTaxExpense": "267000000",
            "interestAndDebtExpense": "1837000000",
            "netIncomeFromContinuingOperations": "2309000000",
            "comprehensiveIncomeNetOfTax": "2551000000",
            "ebit": "3698000000",
            "ebitda": "3033000000",
            "netIncome": "2408000000"
        },
        {
            "fiscalDateEnding": "2020-12-31",
            "reportedCurrency": "USD",
            "grossProfit": "18657000000",
            "totalRevenue": "20375000000",
            "costOfRevenue": "1718000000",
            "costofGoodsAndServicesSold": "10478000000",
            "operatingIncome": "4885000000",
            "sellingGeneralAndAdministrative": "1234000000",
            "researchAndDevelopment": "None",
            "operatingExpenses": "1653000000",
            "investmentIncomeNet": "37000000",
            "netInterestIncome": "-241000000",
            "interestIncome": "1668000000",
            "interestExpense": "241000000",
            "nonInterestIncome": "21246000000",
            "otherNonOperatingIncome": "336000000",
            "depreciation": "None",
            "depreciationAndAmortization": "75000000",
            "incomeBeforeTax": "3527000000",
            "incomeTaxExpense": "393000000",
            "interestAndDebtExpense": "1821000000",
            "netIncomeFromContinuingOperations": "3103000000",
            "comprehensiveIncomeNetOfTax": "3044000000",
            "ebit": "4885000000",
            "ebitda": "3843000000",
            "netIncome": "3134000000"
        },
        {
            "fiscalDateEnding": "2019-12-31",
            "reportedCurrency": "USD",
            "grossProfit": "19598000000",
            "totalRevenue": "21419000000",
            "costOfRevenue": "1889000000",
            "costofGoodsAndServicesSold": "11792000000",
            "operatingIncome": "7736000000",
            "sellingGeneralAndAdministrative": "1230000000",
            "researchAndDevelopment": "None",
            "operatingExpenses": "-699000000",
            "investmentIncomeNet": "60000000",
            "netInterestIncome": "-214000000",
            "interestIncome": "1574000000",
            "interestExpense": "214000000",
            "nonInterestIncome": "21419000000",
            "otherNonOperatingIncome": "252000000",
            "depreciation": "None",
            "depreciationAndAmortization": "89000000",
            "incomeBeforeTax": "6537000000",
            "incomeTaxExpense": "1798000000",
            "interestAndDebtExpense": "1736000000",
            "netIncomeFromContinuingOperations": "4744000000",
            "comprehensiveIncomeNetOfTax": "4621000000",
            "ebit": "7736000000",
            "ebitda": "6840000000",
            "netIncome": "4739000000"
        },
        {
            "fiscalDateEnding": "2018-12-31",
            "reportedCurrency": "USD",
            "grossProfit": "21584000000",
            "totalRevenue": "23495000000",
            "costOfRevenue": "2023000000",
            "costofGoodsAndServicesSold": "13842000000",
            "operatingIncome": "4191000000",
            "sellingGeneralAndAdministrative": "1507000000",
            "researchAndDevelopment": "None",
            "operatingExpenses": "1722000000",
            "investmentIncomeNet": "38000000",
            "netInterestIncome": "-210000000",
            "interestIncome": "1694000000",
            "interestExpense": "210000000",
            "nonInterestIncome": "23495000000",
            "otherNonOperatingIncome": "114000000",
            "depreciation": "None",
            "depreciationAndAmortization": "89000000",
            "incomeBeforeTax": "2675000000",
            "incomeTaxExpense": "449000000",
            "interestAndDebtExpense": "1842000000",
            "netIncomeFromContinuingOperations": "2300000000",
            "comprehensiveIncomeNetOfTax": "2252000000",
            "ebit": "4191000000",
            "ebitda": "2974000000",
            "netIncome": "2226000000"
        }
    ],
    "quarterlyReports": [
        {
            "fiscalDateEnding": "2023-03-31",
            "reportedCurrency": "USD",
            "grossProfit": "6076000000",
            "totalRevenue": "6480000000",
            "costOfRevenue": "404000000",
            "costofGoodsAndServicesSold": "3799000000",
            "operatingIncome": "1218000000",
            "sellingGeneralAndAdministrative": "394000000",
            "researchAndDevelopment": "None",
            "operatingExpenses": "362000000",
            "investmentIncomeNet": "None",
            "netInterestIncome": "-582000000",
            "interestIncome": "534000000",
            "interestExpense": "582000000",
            "nonInterestIncome": "6241000000",
            "otherNonOperatingIncome": "147000000",
            "depreciation": "None",
            "depreciationAndAmortization": "10000000",
            "incomeBeforeTax": "959000000",
            "incomeTaxExpense": "97000000",
            "interestAndDebtExpense": "582000000",
            "netIncomeFromContinuingOperations": "799000000",
            "comprehensiveIncomeNetOfTax": "818000000",
            "ebit": "1218000000",
            "ebitda": "1228000000",
            "netIncome": "862000000"
        },
        {
            "fiscalDateEnding": "2022-12-31",
            "reportedCurrency": "USD",
            "grossProfit": "-119000000",
            "totalRevenue": "7047000000",
            "costOfRevenue": "119000000",
            "costofGoodsAndServicesSold": "5188000000",
            "operatingIncome": "138000000",
            "sellingGeneralAndAdministrative": "338000000",
            "researchAndDevelopment": "None",
            "operatingExpenses": "119000000",
            "investmentIncomeNet": "None",
            "netInterestIncome": "-561000000",
            "interestIncome": "519000000",
            "interestExpense": "561000000",
            "nonInterestIncome": "6342000000",
            "otherNonOperatingIncome": "86000000",
            "depreciation": "None",
            "depreciationAndAmortization": "32000000",
            "incomeBeforeTax": "-334000000",
            "incomeTaxExpense": "-96000000",
            "interestAndDebtExpense": "561000000",
            "netIncomeFromContinuingOperations": "-238000000",
            "comprehensiveIncomeNetOfTax": "-97000000",
            "ebit": "138000000",
            "ebitda": "170000000",
            "netIncome": "-238000000"
        },
        {
            "fiscalDateEnding": "2022-09-30",
            "reportedCurrency": "USD",
            "grossProfit": "8015000000",
            "totalRevenue": "8378000000",
            "costOfRevenue": "363000000",
            "costofGoodsAndServicesSold": "3362000000",
            "operatingIncome": "2193000000",
            "sellingGeneralAndAdministrative": "352000000",
            "researchAndDevelopment": "None",
            "operatingExpenses": "343000000",
            "investmentIncomeNet": "None",
            "netInterestIncome": "-511000000",
            "interestIncome": "483000000",
            "interestExpense": "511000000",
            "nonInterestIncome": "7116000000",
            "otherNonOperatingIncome": "132000000",
            "depreciation": "None",
            "depreciationAndAmortization": "11000000",
            "incomeBeforeTax": "1886000000",
            "incomeTaxExpense": "414000000",
            "interestAndDebtExpense": "511000000",
            "netIncomeFromContinuingOperations": "1487000000",
            "comprehensiveIncomeNetOfTax": "1500000000",
            "ebit": "2193000000",
            "ebitda": "2204000000",
            "netIncome": "1472000000"
        },
        {
            "fiscalDateEnding": "2022-06-30",
            "reportedCurrency": "USD",
            "grossProfit": "6848000000",
            "totalRevenue": "7206000000",
            "costOfRevenue": "358000000",
            "costofGoodsAndServicesSold": "2575000000",
            "operatingIncome": "1655000000",
            "sellingGeneralAndAdministrative": "349000000",
            "researchAndDevelopment": "None",
            "operatingExpenses": "348000000",
            "investmentIncomeNet": "None",
            "netInterestIncome": "-488000000",
            "interestIncome": "454000000",
            "interestExpense": "488000000",
            "nonInterestIncome": "6226000000",
            "otherNonOperatingIncome": "139000000",
            "depreciation": "None",
            "depreciationAndAmortization": "9000000",
            "incomeBeforeTax": "1411000000",
            "incomeTaxExpense": "304000000",
            "interestAndDebtExpense": "488000000",
            "netIncomeFromContinuingOperations": "1089000000",
            "comprehensiveIncomeNetOfTax": "1118000000",
            "ebit": "1655000000",
            "ebitda": "1664000000",
            "netIncome": "1107000000"
        },
        {
            "fiscalDateEnding": "2022-03-31",
            "reportedCurrency": "USD",
            "grossProfit": "6266000000",
            "totalRevenue": "6648000000",
            "costOfRevenue": "382000000",
            "costofGoodsAndServicesSold": "2507000000",
            "operatingIncome": "1384000000",
            "sellingGeneralAndAdministrative": "372000000",
            "researchAndDevelopment": "None",
            "operatingExpenses": "359000000",
            "investmentIncomeNet": "None",
            "netInterestIncome": "-462000000",
            "interestIncome": "416000000",
            "interestExpense": "462000000",
            "nonInterestIncome": "6258000000",
            "otherNonOperatingIncome": "145000000",
            "depreciation": "None",
            "depreciationAndAmortization": "10000000",
            "incomeBeforeTax": "1205000000",
            "incomeTaxExpense": "173000000",
            "interestAndDebtExpense": "462000000",
            "netIncomeFromContinuingOperations": "991000000",
            "comprehensiveIncomeNetOfTax": "1074000000",
            "ebit": "1384000000",
            "ebitda": "1394000000",
            "netIncome": "1032000000"
        },
        {
            "fiscalDateEnding": "2021-12-31",
            "reportedCurrency": "USD",
            "grossProfit": "5309000000",
            "totalRevenue": "5767000000",
            "costOfRevenue": "458000000",
            "costofGoodsAndServicesSold": "3955000000",
            "operatingIncome": "-331000000",
            "sellingGeneralAndAdministrative": "321000000",
            "researchAndDevelopment": "None",
            "operatingExpenses": "451000000",
            "investmentIncomeNet": "None",
            "netInterestIncome": "-485000000",
            "interestIncome": "444000000",
            "interestExpense": "485000000",
            "nonInterestIncome": "5253000000",
            "otherNonOperatingIncome": "166000000",
            "depreciation": "None",
            "depreciationAndAmortization": "32000000",
            "incomeBeforeTax": "-267000000",
            "incomeTaxExpense": "-283000000",
            "interestAndDebtExpense": "485000000",
            "netIncomeFromContinuingOperations": "16000000",
            "comprehensiveIncomeNetOfTax": "-133000000",
            "ebit": "-331000000",
            "ebitda": "-299000000",
            "netIncome": "16000000"
        },
        {
            "fiscalDateEnding": "2021-09-30",
            "reportedCurrency": "USD",
            "grossProfit": "5915000000",
            "totalRevenue": "6238000000",
            "costOfRevenue": "323000000",
            "costofGoodsAndServicesSold": "3168000000",
            "operatingIncome": "1723000000",
            "sellingGeneralAndAdministrative": "312000000",
            "researchAndDevelopment": "None",
            "operatingExpenses": "198000000",
            "investmentIncomeNet": "None",
            "netInterestIncome": "-451000000",
            "interestIncome": "421000000",
            "interestExpense": "451000000",
            "nonInterestIncome": "5732000000",
            "otherNonOperatingIncome": "131000000",
            "depreciation": "None",
            "depreciationAndAmortization": "11000000",
            "incomeBeforeTax": "1473000000",
            "incomeTaxExpense": "372000000",
            "interestAndDebtExpense": "451000000",
            "netIncomeFromContinuingOperations": "1110000000",
            "comprehensiveIncomeNetOfTax": "1137000000",
            "ebit": "1723000000",
            "ebitda": "1734000000",
            "netIncome": "1101000000"
        },
        {
            "fiscalDateEnding": "2021-06-30",
            "reportedCurrency": "USD",
            "grossProfit": "4644000000",
            "totalRevenue": "5198000000",
            "costOfRevenue": "554000000",
            "costofGoodsAndServicesSold": "231000000",
            "operatingIncome": "708000000",
            "sellingGeneralAndAdministrative": "313000000",
            "researchAndDevelopment": "None",
            "operatingExpenses": "312000000",
            "investmentIncomeNet": "None",
            "netInterestIncome": "-450000000",
            "interestIncome": "490000000",
            "interestExpense": "450000000",
            "nonInterestIncome": "5422000000",
            "otherNonOperatingIncome": "101000000",
            "depreciation": "None",
            "depreciationAndAmortization": "10000000",
            "incomeBeforeTax": "360000000",
            "incomeTaxExpense": "-12000000",
            "interestAndDebtExpense": "450000000",
            "netIncomeFromContinuingOperations": "376000000",
            "comprehensiveIncomeNetOfTax": "384000000",
            "ebit": "708000000",
            "ebitda": "718000000",
            "netIncome": "372000000"
        },
        {
            "fiscalDateEnding": "2021-03-31",
            "reportedCurrency": "USD",
            "grossProfit": "4971000000",
            "totalRevenue": "5910000000",
            "costOfRevenue": "939000000",
            "costofGoodsAndServicesSold": "583000000",
            "operatingIncome": "1598000000",
            "sellingGeneralAndAdministrative": "345000000",
            "researchAndDevelopment": "None",
            "operatingExpenses": "312000000",
            "investmentIncomeNet": "None",
            "netInterestIncome": "-450000000",
            "interestIncome": "405000000",
            "interestExpense": "450000000",
            "nonInterestIncome": "6900000000",
            "otherNonOperatingIncome": "58000000",
            "depreciation": "None",
            "depreciationAndAmortization": "11000000",
            "incomeBeforeTax": "1326000000",
            "incomeTaxExpense": "190000000",
            "interestAndDebtExpense": "450000000",
            "netIncomeFromContinuingOperations": "1107000000",
            "comprehensiveIncomeNetOfTax": "1163000000",
            "ebit": "1598000000",
            "ebitda": "1609000000",
            "netIncome": "1136000000"
        },
        {
            "fiscalDateEnding": "2020-12-31",
            "reportedCurrency": "USD",
            "grossProfit": "5330000000",
            "totalRevenue": "5117000000",
            "costOfRevenue": "-213000000",
            "costofGoodsAndServicesSold": "3037000000",
            "operatingIncome": "729000000",
            "sellingGeneralAndAdministrative": "302000000",
            "researchAndDevelopment": "None",
            "operatingExpenses": "415000000",
            "investmentIncomeNet": "None",
            "netInterestIncome": "-478000000",
            "interestIncome": "430000000",
            "interestExpense": "478000000",
            "nonInterestIncome": "5475000000",
            "otherNonOperatingIncome": "17000000",
            "depreciation": "None",
            "depreciationAndAmortization": "38000000",
            "incomeBeforeTax": "352000000",
            "incomeTaxExpense": "-50000000",
            "interestAndDebtExpense": "478000000",
            "netIncomeFromContinuingOperations": "357000000",
            "comprehensiveIncomeNetOfTax": "335000000",
            "ebit": "729000000",
            "ebitda": "767000000",
            "netIncome": "402000000"
        },
        {
            "fiscalDateEnding": "2020-09-30",
            "reportedCurrency": "USD",
            "grossProfit": "5233000000",
            "totalRevenue": "5620000000",
            "costOfRevenue": "387000000",
            "costofGoodsAndServicesSold": "71000000",
            "operatingIncome": "1835000000",
            "sellingGeneralAndAdministrative": "304000000",
            "researchAndDevelopment": "None",
            "operatingExpenses": "316000000",
            "investmentIncomeNet": "None",
            "netInterestIncome": "-443000000",
            "interestIncome": "410000000",
            "interestExpense": "443000000",
            "nonInterestIncome": "5755000000",
            "otherNonOperatingIncome": "113000000",
            "depreciation": "None",
            "depreciationAndAmortization": "12000000",
            "incomeBeforeTax": "1544000000",
            "incomeTaxExpense": "293000000",
            "interestAndDebtExpense": "443000000",
            "netIncomeFromContinuingOperations": "1283000000",
            "comprehensiveIncomeNetOfTax": "1271000000",
            "ebit": "1835000000",
            "ebitda": "1847000000",
            "netIncome": "1251000000"
        },
        {
            "fiscalDateEnding": "2020-06-30",
            "reportedCurrency": "USD",
            "grossProfit": "4165000000",
            "totalRevenue": "4620000000",
            "costOfRevenue": "455000000",
            "costofGoodsAndServicesSold": "144000000",
            "operatingIncome": "1058000000",
            "sellingGeneralAndAdministrative": "298000000",
            "researchAndDevelopment": "None",
            "operatingExpenses": "311000000",
            "investmentIncomeNet": "None",
            "netInterestIncome": "-444000000",
            "interestIncome": "414000000",
            "interestExpense": "444000000",
            "nonInterestIncome": "4765000000",
            "otherNonOperatingIncome": "101000000",
            "depreciation": "None",
            "depreciationAndAmortization": "13000000",
            "incomeBeforeTax": "617000000",
            "incomeTaxExpense": "5000000",
            "interestAndDebtExpense": "444000000",
            "netIncomeFromContinuingOperations": "621000000",
            "comprehensiveIncomeNetOfTax": "616000000",
            "ebit": "1058000000",
            "ebitda": "1071000000",
            "netIncome": "612000000"
        },
        {
            "fiscalDateEnding": "2020-03-31",
            "reportedCurrency": "USD",
            "grossProfit": "4237000000",
            "totalRevenue": "5018000000",
            "costOfRevenue": "781000000",
            "costofGoodsAndServicesSold": "439000000",
            "operatingIncome": "1263000000",
            "sellingGeneralAndAdministrative": "330000000",
            "researchAndDevelopment": "None",
            "operatingExpenses": "303000000",
            "investmentIncomeNet": "None",
            "netInterestIncome": "-456000000",
            "interestIncome": "414000000",
            "interestExpense": "456000000",
            "nonInterestIncome": "5018000000",
            "otherNonOperatingIncome": "103000000",
            "depreciation": "None",
            "depreciationAndAmortization": "12000000",
            "incomeBeforeTax": "1013000000",
            "incomeTaxExpense": "145000000",
            "interestAndDebtExpense": "456000000",
            "netIncomeFromContinuingOperations": "841000000",
            "comprehensiveIncomeNetOfTax": "821000000",
            "ebit": "1263000000",
            "ebitda": "1275000000",
            "netIncome": "868000000"
        },
        {
            "fiscalDateEnding": "2019-12-31",
            "reportedCurrency": "USD",
            "grossProfit": "4914000000",
            "totalRevenue": "4914000000",
            "costOfRevenue": "451000000",
            "costofGoodsAndServicesSold": "3171000000",
            "operatingIncome": "690000000",
            "sellingGeneralAndAdministrative": "299000000",
            "researchAndDevelopment": "None",
            "operatingExpenses": "375000000",
            "investmentIncomeNet": "None",
            "netInterestIncome": "-205000000",
            "interestIncome": "400000000",
            "interestExpense": "205000000",
            "nonInterestIncome": "4004000000",
            "otherNonOperatingIncome": "13000000",
            "depreciation": "None",
            "depreciationAndAmortization": "23000000",
            "incomeBeforeTax": "366000000",
            "incomeTaxExpense": "-74000000",
            "interestAndDebtExpense": "442000000",
            "netIncomeFromContinuingOperations": "690000000",
            "comprehensiveIncomeNetOfTax": "399000000",
            "ebit": "690000000",
            "ebitda": "594000000",
            "netIncome": "440000000"
        },
        {
            "fiscalDateEnding": "2019-09-30",
            "reportedCurrency": "USD",
            "grossProfit": "5561000000",
            "totalRevenue": "5995000000",
            "costOfRevenue": "434000000",
            "costofGoodsAndServicesSold": "79000000",
            "operatingIncome": "2013000000",
            "sellingGeneralAndAdministrative": "303000000",
            "researchAndDevelopment": "None",
            "operatingExpenses": "428000000",
            "investmentIncomeNet": "None",
            "netInterestIncome": "-3000000",
            "interestIncome": "395000000",
            "interestExpense": "3000000",
            "nonInterestIncome": "6282000000",
            "otherNonOperatingIncome": "61000000",
            "depreciation": "None",
            "depreciationAndAmortization": "21000000",
            "incomeBeforeTax": "1683000000",
            "incomeTaxExpense": "367000000",
            "interestAndDebtExpense": "434000000",
            "netIncomeFromContinuingOperations": "1345000000",
            "comprehensiveIncomeNetOfTax": "1275000000",
            "ebit": "2013000000",
            "ebitda": "1707000000",
            "netIncome": "1316000000"
        },
        {
            "fiscalDateEnding": "2019-06-30",
            "reportedCurrency": "USD",
            "grossProfit": "4752000000",
            "totalRevenue": "5098000000",
            "costOfRevenue": "346000000",
            "costofGoodsAndServicesSold": "191000000",
            "operatingIncome": "1342000000",
            "sellingGeneralAndAdministrative": "299000000",
            "researchAndDevelopment": "None",
            "operatingExpenses": "338000000",
            "investmentIncomeNet": "None",
            "netInterestIncome": "-429000000",
            "interestIncome": "396000000",
            "interestExpense": "429000000",
            "nonInterestIncome": "5222000000",
            "otherNonOperatingIncome": "99000000",
            "depreciation": "None",
            "depreciationAndAmortization": "15000000",
            "incomeBeforeTax": "1044000000",
            "incomeTaxExpense": "145000000",
            "interestAndDebtExpense": "429000000",
            "netIncomeFromContinuingOperations": "931000000",
            "comprehensiveIncomeNetOfTax": "864000000",
            "ebit": "1342000000",
            "ebitda": "1357000000",
            "netIncome": "899000000"
        },
        {
            "fiscalDateEnding": "2019-03-31",
            "reportedCurrency": "USD",
            "grossProfit": "5066000000",
            "totalRevenue": "5412000000",
            "costOfRevenue": "346000000",
            "costofGoodsAndServicesSold": "686000000",
            "operatingIncome": "3691000000",
            "sellingGeneralAndAdministrative": "329000000",
            "researchAndDevelopment": "None",
            "operatingExpenses": "-2151000000",
            "investmentIncomeNet": "None",
            "netInterestIncome": "-430000000",
            "interestIncome": "382000000",
            "interestExpense": "430000000",
            "nonInterestIncome": "5412000000",
            "otherNonOperatingIncome": "78000000",
            "depreciation": "None",
            "depreciationAndAmortization": "17000000",
            "incomeBeforeTax": "3444000000",
            "incomeTaxExpense": "1360000000",
            "interestAndDebtExpense": "430000000",
            "netIncomeFromContinuingOperations": "2059000000",
            "comprehensiveIncomeNetOfTax": "2084000000",
            "ebit": "3691000000",
            "ebitda": "3708000000",
            "netIncome": "2084000000"
        },
        {
            "fiscalDateEnding": "2018-12-31",
            "reportedCurrency": "USD",
            "grossProfit": "5337000000",
            "totalRevenue": "5337000000",
            "costOfRevenue": "613000000",
            "costofGoodsAndServicesSold": "3610000000",
            "operatingIncome": "578000000",
            "sellingGeneralAndAdministrative": "517000000",
            "researchAndDevelopment": "None",
            "operatingExpenses": "629000000",
            "investmentIncomeNet": "None",
            "netInterestIncome": "None",
            "interestIncome": "None",
            "interestExpense": "456000000",
            "nonInterestIncome": "5337000000",
            "otherNonOperatingIncome": "-81000000",
            "depreciation": "None",
            "depreciationAndAmortization": "19000000",
            "incomeBeforeTax": "129000000",
            "incomeTaxExpense": "-149000000",
            "interestAndDebtExpense": "456000000",
            "netIncomeFromContinuingOperations": "578000000",
            "comprehensiveIncomeNetOfTax": "252000000",
            "ebit": "578000000",
            "ebitda": "597000000",
            "netIncome": "278000000"
        },
        {
            "fiscalDateEnding": "2018-09-30",
            "reportedCurrency": "USD",
            "grossProfit": "5783000000",
            "totalRevenue": "6159000000",
            "costOfRevenue": "376000000",
            "costofGoodsAndServicesSold": "3195000000",
            "operatingIncome": "2174000000",
            "sellingGeneralAndAdministrative": "319000000",
            "researchAndDevelopment": "None",
            "operatingExpenses": "23000000",
            "investmentIncomeNet": "None",
            "netInterestIncome": "None",
            "interestIncome": "None",
            "interestExpense": "458000000",
            "nonInterestIncome": "6159000000",
            "otherNonOperatingIncome": "57000000",
            "depreciation": "None",
            "depreciationAndAmortization": "21000000",
            "incomeBeforeTax": "1787000000",
            "incomeTaxExpense": "623000000",
            "interestAndDebtExpense": "458000000",
            "netIncomeFromContinuingOperations": "1222000000",
            "comprehensiveIncomeNetOfTax": "1175000000",
            "ebit": "2174000000",
            "ebitda": "2195000000",
            "netIncome": "1164000000"
        },
        {
            "fiscalDateEnding": "2018-06-30",
            "reportedCurrency": "USD",
            "grossProfit": "5052000000",
            "totalRevenue": "5627000000",
            "costOfRevenue": "575000000",
            "costofGoodsAndServicesSold": "236000000",
            "operatingIncome": "63000000",
            "sellingGeneralAndAdministrative": "316000000",
            "researchAndDevelopment": "None",
            "operatingExpenses": "339000000",
            "investmentIncomeNet": "None",
            "netInterestIncome": "None",
            "interestIncome": "None",
            "interestExpense": "470000000",
            "nonInterestIncome": "None",
            "otherNonOperatingIncome": "78000000",
            "depreciation": "None",
            "depreciationAndAmortization": "23000000",
            "incomeBeforeTax": "-293000000",
            "incomeTaxExpense": "-139000000",
            "interestAndDebtExpense": "470000000",
            "netIncomeFromContinuingOperations": "-127000000",
            "comprehensiveIncomeNetOfTax": "-142000000",
            "ebit": "63000000",
            "ebitda": "86000000",
            "netIncome": "-154000000"
        }
    ]
}