{
    "symbol": "TMUS",
    "annualReports": [
        {
            "fiscalDateEnding": "2022-12-31",
            "reportedCurrency": "USD",
            "grossProfit": "51927000000",
            "totalRevenue": "78416000000",
            "costOfRevenue": "26489000000",
            "costofGoodsAndServicesSold": "185000000",
            "operatingIncome": "6543000000",
            "sellingGeneralAndAdministrative": "21607000000",
            "researchAndDevelopment": "None",
            "operatingExpenses": "26304000000",
            "investmentIncomeNet": "None",
            "netInterestIncome": "-129000000",
            "interestIncome": "None",
            "interestExpense": "129000000",
            "nonInterestIncome": "79571000000",
            "otherNonOperatingIncome": "-33000000",
            "depreciation": "12700000000",
            "depreciationAndAmortization": "1933000000",
            "incomeBeforeTax": "3146000000",
            "incomeTaxExpense": "556000000",
            "interestAndDebtExpense": "129000000",
            "netIncomeFromContinuingOperations": "2590000000",
            "comprehensiveIncomeNetOfTax": "2909000000",
            "ebit": "6543000000",
            "ebitda": "5208000000",
            "netIncome": "2590000000"
        },
        {
            "fiscalDateEnding": "2021-12-31",
            "reportedCurrency": "USD",
            "grossProfit": "52620000000",
            "totalRevenue": "75841000000",
            "costOfRevenue": "23221000000",
            "costofGoodsAndServicesSold": "216000000",
            "operatingIncome": "6892000000",
            "sellingGeneralAndAdministrative": "20238000000",
            "researchAndDevelopment": "None",
            "operatingExpenses": "23005000000",
            "investmentIncomeNet": "None",
            "netInterestIncome": "-3641000000",
            "interestIncome": "20000000",
            "interestExpense": "3641000000",
            "nonInterestIncome": "79934000000",
            "otherNonOperatingIncome": "-199000000",
            "depreciation": "15200000000",
            "depreciationAndAmortization": "2038000000",
            "incomeBeforeTax": "3351000000",
            "incomeTaxExpense": "327000000",
            "interestAndDebtExpense": "3825000000",
            "netIncomeFromContinuingOperations": "3024000000",
            "comprehensiveIncomeNetOfTax": "3240000000",
            "ebit": "6892000000",
            "ebitda": "9030000000",
            "netIncome": "3024000000"
        },
        {
            "fiscalDateEnding": "2020-12-31",
            "reportedCurrency": "USD",
            "grossProfit": "40964000000",
            "totalRevenue": "64173000000",
            "costOfRevenue": "23209000000",
            "costofGoodsAndServicesSold": "267000000",
            "operatingIncome": "6636000000",
            "sellingGeneralAndAdministrative": "18926000000",
            "researchAndDevelopment": "None",
            "operatingExpenses": "22942000000",
            "investmentIncomeNet": "None",
            "netInterestIncome": "-3251000000",
            "interestIncome": "29000000",
            "interestExpense": "3251000000",
            "nonInterestIncome": "68026000000",
            "otherNonOperatingIncome": "-405000000",
            "depreciation": "13100000000",
            "depreciationAndAmortization": "1881000000",
            "incomeBeforeTax": "3850000000",
            "incomeTaxExpense": "786000000",
            "interestAndDebtExpense": "3622000000",
            "netIncomeFromContinuingOperations": "2744000000",
            "comprehensiveIncomeNetOfTax": "2351000000",
            "ebit": "6636000000",
            "ebitda": "8982000000",
            "netIncome": "3064000000"
        },
        {
            "fiscalDateEnding": "2019-12-31",
            "reportedCurrency": "USD",
            "grossProfit": "27806000000",
            "totalRevenue": "42982000000",
            "costOfRevenue": "15176000000",
            "costofGoodsAndServicesSold": "93000000",
            "operatingIncome": "5722000000",
            "sellingGeneralAndAdministrative": "14139000000",
            "researchAndDevelopment": "None",
            "operatingExpenses": "15083000000",
            "investmentIncomeNet": "None",
            "netInterestIncome": "-1690000000",
            "interestIncome": "24000000",
            "interestExpense": "1690000000",
            "nonInterestIncome": "44979000000",
            "otherNonOperatingIncome": "-8000000",
            "depreciation": "6500000000",
            "depreciationAndAmortization": "605000000",
            "incomeBeforeTax": "4603000000",
            "incomeTaxExpense": "1135000000",
            "interestAndDebtExpense": "1709000000",
            "netIncomeFromContinuingOperations": "3468000000",
            "comprehensiveIncomeNetOfTax": "2932000000",
            "ebit": "5722000000",
            "ebitda": "6898000000",
            "netIncome": "3468000000"
        },
        {
            "fiscalDateEnding": "2018-12-31",
            "reportedCurrency": "USD",
            "grossProfit": "28283000000",
            "totalRevenue": "42056000000",
            "costOfRevenue": "13773000000",
            "costofGoodsAndServicesSold": "161000000",
            "operatingIncome": "5309000000",
            "sellingGeneralAndAdministrative": "13161000000",
            "researchAndDevelopment": "None",
            "operatingExpenses": "13612000000",
            "investmentIncomeNet": "None",
            "netInterestIncome": "-835000000",
            "interestIncome": "19000000",
            "interestExpense": "835000000",
            "nonInterestIncome": "43188000000",
            "otherNonOperatingIncome": "-54000000",
            "depreciation": "6400000000",
            "depreciationAndAmortization": "124000000",
            "incomeBeforeTax": "3917000000",
            "incomeTaxExpense": "1029000000",
            "interestAndDebtExpense": "957000000",
            "netIncomeFromContinuingOperations": "2888000000",
            "comprehensiveIncomeNetOfTax": "2556000000",
            "ebit": "4752000000",
            "ebitda": "4876000000",
            "netIncome": "2888000000"
        }
    ],
    "quarterlyReports": [
        {
            "fiscalDateEnding": "2023-03-31",
            "reportedCurrency": "USD",
            "grossProfit": "13659000000",
            "totalRevenue": "19396000000",
            "costOfRevenue": "5737000000",
            "costofGoodsAndServicesSold": "7649000000",
            "operatingIncome": "3397000000",
            "sellingGeneralAndAdministrative": "5425000000",
            "researchAndDevelopment": "None",
            "operatingExpenses": "5737000000",
            "investmentIncomeNet": "None",
            "netInterestIncome": "-14000000",
            "interestIncome": "None",
            "interestExpense": "14000000",
            "nonInterestIncome": "19632000000",
            "otherNonOperatingIncome": "9000000",
            "depreciation": "None",
            "depreciationAndAmortization": "None",
            "incomeBeforeTax": "2571000000",
            "incomeTaxExpense": "631000000",
            "interestAndDebtExpense": "14000000",
            "netIncomeFromContinuingOperations": "1940000000",
            "comprehensiveIncomeNetOfTax": "1982000000",
            "ebit": "3397000000",
            "ebitda": "6609000000",
            "netIncome": "1940000000"
        },
        {
            "fiscalDateEnding": "2022-12-31",
            "reportedCurrency": "USD",
            "grossProfit": "12178000000",
            "totalRevenue": "19971000000",
            "costOfRevenue": "7793000000",
            "costofGoodsAndServicesSold": "12869000000",
            "operatingIncome": "2747000000",
            "sellingGeneralAndAdministrative": "5577000000",
            "researchAndDevelopment": "None",
            "operatingExpenses": "7608000000",
            "investmentIncomeNet": "None",
            "netInterestIncome": "-36000000",
            "interestIncome": "None",
            "interestExpense": "36000000",
            "nonInterestIncome": "20273000000",
            "otherNonOperatingIncome": "2000000",
            "depreciation": "None",
            "depreciationAndAmortization": "1366000000",
            "incomeBeforeTax": "1927000000",
            "incomeTaxExpense": "450000000",
            "interestAndDebtExpense": "36000000",
            "netIncomeFromContinuingOperations": "1477000000",
            "comprehensiveIncomeNetOfTax": "1694000000",
            "ebit": "2747000000",
            "ebitda": "3329000000",
            "netIncome": "1477000000"
        },
        {
            "fiscalDateEnding": "2022-09-30",
            "reportedCurrency": "USD",
            "grossProfit": "13688000000",
            "totalRevenue": "19443000000",
            "costOfRevenue": "5755000000",
            "costofGoodsAndServicesSold": "8694000000",
            "operatingIncome": "1281000000",
            "sellingGeneralAndAdministrative": "5118000000",
            "researchAndDevelopment": "None",
            "operatingExpenses": "5994000000",
            "investmentIncomeNet": "None",
            "netInterestIncome": "-34000000",
            "interestIncome": "None",
            "interestExpense": "34000000",
            "nonInterestIncome": "19477000000",
            "otherNonOperatingIncome": "-3000000",
            "depreciation": "None",
            "depreciationAndAmortization": "188000000",
            "incomeBeforeTax": "451000000",
            "incomeTaxExpense": "-57000000",
            "interestAndDebtExpense": "34000000",
            "netIncomeFromContinuingOperations": "508000000",
            "comprehensiveIncomeNetOfTax": "540000000",
            "ebit": "1281000000",
            "ebitda": "673000000",
            "netIncome": "508000000"
        },
        {
            "fiscalDateEnding": "2022-06-30",
            "reportedCurrency": "USD",
            "grossProfit": "12869000000",
            "totalRevenue": "19672000000",
            "costOfRevenue": "6803000000",
            "costofGoodsAndServicesSold": "9168000000",
            "operatingIncome": "709000000",
            "sellingGeneralAndAdministrative": "5856000000",
            "researchAndDevelopment": "None",
            "operatingExpenses": "7114000000",
            "investmentIncomeNet": "None",
            "netInterestIncome": "-29000000",
            "interestIncome": "None",
            "interestExpense": "29000000",
            "nonInterestIncome": "19701000000",
            "otherNonOperatingIncome": "-21000000",
            "depreciation": "None",
            "depreciationAndAmortization": "194000000",
            "incomeBeforeTax": "-163000000",
            "incomeTaxExpense": "-55000000",
            "interestAndDebtExpense": "29000000",
            "netIncomeFromContinuingOperations": "-108000000",
            "comprehensiveIncomeNetOfTax": "-74000000",
            "ebit": "709000000",
            "ebitda": "60000000",
            "netIncome": "-108000000"
        },
        {
            "fiscalDateEnding": "2022-03-31",
            "reportedCurrency": "USD",
            "grossProfit": "14292000000",
            "totalRevenue": "19880000000",
            "costOfRevenue": "5588000000",
            "costofGoodsAndServicesSold": "9673000000",
            "operatingIncome": "1806000000",
            "sellingGeneralAndAdministrative": "5056000000",
            "researchAndDevelopment": "None",
            "operatingExpenses": "5588000000",
            "investmentIncomeNet": "None",
            "netInterestIncome": "-30000000",
            "interestIncome": "None",
            "interestExpense": "30000000",
            "nonInterestIncome": "20120000000",
            "otherNonOperatingIncome": "-11000000",
            "depreciation": "None",
            "depreciationAndAmortization": "185000000",
            "incomeBeforeTax": "931000000",
            "incomeTaxExpense": "218000000",
            "interestAndDebtExpense": "30000000",
            "netIncomeFromContinuingOperations": "713000000",
            "comprehensiveIncomeNetOfTax": "749000000",
            "ebit": "1806000000",
            "ebitda": "1146000000",
            "netIncome": "713000000"
        },
        {
            "fiscalDateEnding": "2021-12-31",
            "reportedCurrency": "USD",
            "grossProfit": "12641000000",
            "totalRevenue": "19666000000",
            "costOfRevenue": "7025000000",
            "costofGoodsAndServicesSold": "10452000000",
            "operatingIncome": "1063000000",
            "sellingGeneralAndAdministrative": "5398000000",
            "researchAndDevelopment": "None",
            "operatingExpenses": "6809000000",
            "investmentIncomeNet": "None",
            "netInterestIncome": "-926000000",
            "interestIncome": "13000000",
            "interestExpense": "926000000",
            "nonInterestIncome": "20785000000",
            "otherNonOperatingIncome": "-13000000",
            "depreciation": "None",
            "depreciationAndAmortization": "1061000000",
            "incomeBeforeTax": "229000000",
            "incomeTaxExpense": "-193000000",
            "interestAndDebtExpense": "926000000",
            "netIncomeFromContinuingOperations": "422000000",
            "comprehensiveIncomeNetOfTax": "535000000",
            "ebit": "1063000000",
            "ebitda": "2216000000",
            "netIncome": "422000000"
        },
        {
            "fiscalDateEnding": "2021-09-30",
            "reportedCurrency": "USD",
            "grossProfit": "13119000000",
            "totalRevenue": "18685000000",
            "costOfRevenue": "5566000000",
            "costofGoodsAndServicesSold": "8683000000",
            "operatingIncome": "1584000000",
            "sellingGeneralAndAdministrative": "5212000000",
            "researchAndDevelopment": "None",
            "operatingExpenses": "5671000000",
            "investmentIncomeNet": "None",
            "netInterestIncome": "-884000000",
            "interestIncome": "2000000",
            "interestExpense": "884000000",
            "nonInterestIncome": "19569000000",
            "otherNonOperatingIncome": "-60000000",
            "depreciation": "None",
            "depreciationAndAmortization": "316000000",
            "incomeBeforeTax": "688000000",
            "incomeTaxExpense": "-3000000",
            "interestAndDebtExpense": "939000000",
            "netIncomeFromContinuingOperations": "691000000",
            "comprehensiveIncomeNetOfTax": "723000000",
            "ebit": "1584000000",
            "ebitda": "1888000000",
            "netIncome": "691000000"
        },
        {
            "fiscalDateEnding": "2021-06-30",
            "reportedCurrency": "USD",
            "grossProfit": "13847000000",
            "totalRevenue": "19013000000",
            "costOfRevenue": "5166000000",
            "costofGoodsAndServicesSold": "8944000000",
            "operatingIncome": "2106000000",
            "sellingGeneralAndAdministrative": "4823000000",
            "researchAndDevelopment": "None",
            "operatingExpenses": "5238000000",
            "investmentIncomeNet": "None",
            "netInterestIncome": "-909000000",
            "interestIncome": "2000000",
            "interestExpense": "909000000",
            "nonInterestIncome": "19922000000",
            "otherNonOperatingIncome": "-1000000",
            "depreciation": "None",
            "depreciationAndAmortization": "295000000",
            "incomeBeforeTax": "1255000000",
            "incomeTaxExpense": "277000000",
            "interestAndDebtExpense": "937000000",
            "netIncomeFromContinuingOperations": "978000000",
            "comprehensiveIncomeNetOfTax": "1013000000",
            "ebit": "2106000000",
            "ebitda": "2459000000",
            "netIncome": "978000000"
        },
        {
            "fiscalDateEnding": "2021-03-31",
            "reportedCurrency": "USD",
            "grossProfit": "13367000000",
            "totalRevenue": "18654000000",
            "costOfRevenue": "5287000000",
            "costofGoodsAndServicesSold": "8526000000",
            "operatingIncome": "2139000000",
            "sellingGeneralAndAdministrative": "4805000000",
            "researchAndDevelopment": "None",
            "operatingExpenses": "5287000000",
            "investmentIncomeNet": "None",
            "netInterestIncome": "-922000000",
            "interestIncome": "3000000",
            "interestExpense": "922000000",
            "nonInterestIncome": "19658000000",
            "otherNonOperatingIncome": "-125000000",
            "depreciation": "None",
            "depreciationAndAmortization": "366000000",
            "incomeBeforeTax": "1179000000",
            "incomeTaxExpense": "246000000",
            "interestAndDebtExpense": "1023000000",
            "netIncomeFromContinuingOperations": "933000000",
            "comprehensiveIncomeNetOfTax": "969000000",
            "ebit": "2139000000",
            "ebitda": "2467000000",
            "netIncome": "933000000"
        },
        {
            "fiscalDateEnding": "2020-12-31",
            "reportedCurrency": "USD",
            "grossProfit": "20341000000",
            "totalRevenue": "20341000000",
            "costOfRevenue": "480000000",
            "costofGoodsAndServicesSold": "9652000000",
            "operatingIncome": "1712000000",
            "sellingGeneralAndAdministrative": "4758000000",
            "researchAndDevelopment": "None",
            "operatingExpenses": "480000000",
            "investmentIncomeNet": "None",
            "netInterestIncome": "-920000000",
            "interestIncome": "8000000",
            "interestExpense": "920000000",
            "nonInterestIncome": "20341000000",
            "otherNonOperatingIncome": "-101000000",
            "depreciation": "3900000000",
            "depreciationAndAmortization": "579000000",
            "incomeBeforeTax": "821000000",
            "incomeTaxExpense": "71000000",
            "interestAndDebtExpense": "1020000000",
            "netIncomeFromContinuingOperations": "750000000",
            "comprehensiveIncomeNetOfTax": "790000000",
            "ebit": "1712000000",
            "ebitda": "2320000000",
            "netIncome": "750000000"
        },
        {
            "fiscalDateEnding": "2020-09-30",
            "reportedCurrency": "USD",
            "grossProfit": "12687000000",
            "totalRevenue": "18227000000",
            "costOfRevenue": "5540000000",
            "costofGoodsAndServicesSold": "7681000000",
            "operatingIncome": "2565000000",
            "sellingGeneralAndAdministrative": "4876000000",
            "researchAndDevelopment": "None",
            "operatingExpenses": "5683000000",
            "investmentIncomeNet": "None",
            "netInterestIncome": "-937000000",
            "interestIncome": "3000000",
            "interestExpense": "937000000",
            "nonInterestIncome": "19164000000",
            "otherNonOperatingIncome": "-99000000",
            "depreciation": "3800000000",
            "depreciationAndAmortization": "566000000",
            "incomeBeforeTax": "1660000000",
            "incomeTaxExpense": "407000000",
            "interestAndDebtExpense": "1045000000",
            "netIncomeFromContinuingOperations": "1253000000",
            "comprehensiveIncomeNetOfTax": "1290000000",
            "ebit": "2565000000",
            "ebitda": "3163000000",
            "netIncome": "1253000000"
        },
        {
            "fiscalDateEnding": "2020-06-30",
            "reportedCurrency": "USD",
            "grossProfit": "9941000000",
            "totalRevenue": "16530000000",
            "costOfRevenue": "6589000000",
            "costofGoodsAndServicesSold": "6765000000",
            "operatingIncome": "820000000",
            "sellingGeneralAndAdministrative": "5604000000",
            "researchAndDevelopment": "None",
            "operatingExpenses": "6822000000",
            "investmentIncomeNet": "None",
            "netInterestIncome": "-978000000",
            "interestIncome": "6000000",
            "interestExpense": "978000000",
            "nonInterestIncome": "17508000000",
            "otherNonOperatingIncome": "-195000000",
            "depreciation": "3700000000",
            "depreciationAndAmortization": "567000000",
            "incomeBeforeTax": "112000000",
            "incomeTaxExpense": "2000000",
            "interestAndDebtExpense": "1141000000",
            "netIncomeFromContinuingOperations": "-210000000",
            "comprehensiveIncomeNetOfTax": "112000000",
            "ebit": "820000000",
            "ebitda": "1657000000",
            "netIncome": "110000000"
        },
        {
            "fiscalDateEnding": "2020-03-31",
            "reportedCurrency": "USD",
            "grossProfit": "6638000000",
            "totalRevenue": "10584000000",
            "costOfRevenue": "3946000000",
            "costofGoodsAndServicesSold": "4168000000",
            "operatingIncome": "1539000000",
            "sellingGeneralAndAdministrative": "3688000000",
            "researchAndDevelopment": "None",
            "operatingExpenses": "3946000000",
            "investmentIncomeNet": "None",
            "netInterestIncome": "-416000000",
            "interestIncome": "12000000",
            "interestExpense": "416000000",
            "nonInterestIncome": "11113000000",
            "otherNonOperatingIncome": "-10000000",
            "depreciation": "1700000000",
            "depreciationAndAmortization": "145000000",
            "incomeBeforeTax": "1257000000",
            "incomeTaxExpense": "306000000",
            "interestAndDebtExpense": "416000000",
            "netIncomeFromContinuingOperations": "951000000",
            "comprehensiveIncomeNetOfTax": "159000000",
            "ebit": "1539000000",
            "ebitda": "1818000000",
            "netIncome": "951000000"
        },
        {
            "fiscalDateEnding": "2019-12-31",
            "reportedCurrency": "USD",
            "grossProfit": "11878000000",
            "totalRevenue": "11878000000",
            "costOfRevenue": "4099000000",
            "costofGoodsAndServicesSold": "5212000000",
            "operatingIncome": "1234000000",
            "sellingGeneralAndAdministrative": "3656000000",
            "researchAndDevelopment": "None",
            "operatingExpenses": "4006000000",
            "investmentIncomeNet": "None",
            "netInterestIncome": "-1145000000",
            "interestIncome": "7000000",
            "interestExpense": "1145000000",
            "nonInterestIncome": "11878000000",
            "otherNonOperatingIncome": "4000000",
            "depreciation": "1700000000",
            "depreciationAndAmortization": "229000000",
            "incomeBeforeTax": "965000000",
            "incomeTaxExpense": "214000000",
            "interestAndDebtExpense": "1145000000",
            "netIncomeFromContinuingOperations": "1234000000",
            "comprehensiveIncomeNetOfTax": "953000000",
            "ebit": "1234000000",
            "ebitda": "2339000000",
            "netIncome": "751000000"
        },
        {
            "fiscalDateEnding": "2019-09-30",
            "reportedCurrency": "USD",
            "grossProfit": "7233000000",
            "totalRevenue": "10877000000",
            "costOfRevenue": "3644000000",
            "costofGoodsAndServicesSold": "4437000000",
            "operatingIncome": "1471000000",
            "sellingGeneralAndAdministrative": "3498000000",
            "researchAndDevelopment": "None",
            "operatingExpenses": "3718000000",
            "investmentIncomeNet": "None",
            "netInterestIncome": "-184000000",
            "interestIncome": "5000000",
            "interestExpense": "184000000",
            "nonInterestIncome": "11061000000",
            "otherNonOperatingIncome": "3000000",
            "depreciation": "1700000000",
            "depreciationAndAmortization": "146000000",
            "incomeBeforeTax": "1195000000",
            "incomeTaxExpense": "325000000",
            "interestAndDebtExpense": "184000000",
            "netIncomeFromContinuingOperations": "870000000",
            "comprehensiveIncomeNetOfTax": "613000000",
            "ebit": "1379000000",
            "ebitda": "1525000000",
            "netIncome": "870000000"
        },
        {
            "fiscalDateEnding": "2019-06-30",
            "reportedCurrency": "USD",
            "grossProfit": "7235000000",
            "totalRevenue": "10778000000",
            "costOfRevenue": "3543000000",
            "costofGoodsAndServicesSold": "4310000000",
            "operatingIncome": "1541000000",
            "sellingGeneralAndAdministrative": "3543000000",
            "researchAndDevelopment": "None",
            "operatingExpenses": "3614000000",
            "investmentIncomeNet": "None",
            "netInterestIncome": "-182000000",
            "interestIncome": "4000000",
            "interestExpense": "182000000",
            "nonInterestIncome": "10960000000",
            "otherNonOperatingIncome": "-22000000",
            "depreciation": "1600000000",
            "depreciationAndAmortization": "135000000",
            "incomeBeforeTax": "1240000000",
            "incomeTaxExpense": "301000000",
            "interestAndDebtExpense": "201000000",
            "netIncomeFromContinuingOperations": "939000000",
            "comprehensiveIncomeNetOfTax": "647000000",
            "ebit": "1422000000",
            "ebitda": "1557000000",
            "netIncome": "939000000"
        },
        {
            "fiscalDateEnding": "2019-03-31",
            "reportedCurrency": "USD",
            "grossProfit": "7311000000",
            "totalRevenue": "10827000000",
            "costOfRevenue": "3516000000",
            "costofGoodsAndServicesSold": "4562000000",
            "operatingIncome": "1476000000",
            "sellingGeneralAndAdministrative": "3442000000",
            "researchAndDevelopment": "None",
            "operatingExpenses": "3515000000",
            "investmentIncomeNet": "None",
            "netInterestIncome": "-179000000",
            "interestIncome": "280000000",
            "interestExpense": "179000000",
            "nonInterestIncome": "11080000000",
            "otherNonOperatingIncome": "7000000",
            "depreciation": "1500000000",
            "depreciationAndAmortization": "113000000",
            "incomeBeforeTax": "1203000000",
            "incomeTaxExpense": "295000000",
            "interestAndDebtExpense": "179000000",
            "netIncomeFromContinuingOperations": "908000000",
            "comprehensiveIncomeNetOfTax": "719000000",
            "ebit": "1382000000",
            "ebitda": "1495000000",
            "netIncome": "908000000"
        },
        {
            "fiscalDateEnding": "2018-12-31",
            "reportedCurrency": "USD",
            "grossProfit": "11445000000",
            "totalRevenue": "11445000000",
            "costOfRevenue": "3901000000",
            "costofGoodsAndServicesSold": "5170000000",
            "operatingIncome": "1137000000",
            "sellingGeneralAndAdministrative": "3498000000",
            "researchAndDevelopment": "None",
            "operatingExpenses": "3740000000",
            "investmentIncomeNet": "None",
            "netInterestIncome": "-194000000",
            "interestIncome": "None",
            "interestExpense": "194000000",
            "nonInterestIncome": "11445000000",
            "otherNonOperatingIncome": "-3000000",
            "depreciation": "None",
            "depreciationAndAmortization": "1640000000",
            "incomeBeforeTax": "838000000",
            "incomeTaxExpense": "198000000",
            "interestAndDebtExpense": "194000000",
            "netIncomeFromContinuingOperations": "1137000000",
            "comprehensiveIncomeNetOfTax": "308000000",
            "ebit": "1032000000",
            "ebitda": "2776000000",
            "netIncome": "640000000"
        },
        {
            "fiscalDateEnding": "2018-09-30",
            "reportedCurrency": "USD",
            "grossProfit": "7331000000",
            "totalRevenue": "10645000000",
            "costOfRevenue": "3314000000",
            "costofGoodsAndServicesSold": "4448000000",
            "operatingIncome": "1440000000",
            "sellingGeneralAndAdministrative": "3314000000",
            "researchAndDevelopment": "None",
            "operatingExpenses": "3394000000",
            "investmentIncomeNet": "None",
            "netInterestIncome": "-194000000",
            "interestIncome": "None",
            "interestExpense": "194000000",
            "nonInterestIncome": "10839000000",
            "otherNonOperatingIncome": "3000000",
            "depreciation": "None",
            "depreciationAndAmortization": "1637000000",
            "incomeBeforeTax": "1130000000",
            "incomeTaxExpense": "335000000",
            "interestAndDebtExpense": "194000000",
            "netIncomeFromContinuingOperations": "795000000",
            "comprehensiveIncomeNetOfTax": "795000000",
            "ebit": "1324000000",
            "ebitda": "3085000000",
            "netIncome": "795000000"
        },
        {
            "fiscalDateEnding": "2018-06-30",
            "reportedCurrency": "USD",
            "grossProfit": "3084000000",
            "totalRevenue": "10571000000",
            "costOfRevenue": "7487000000",
            "costofGoodsAndServicesSold": "4302000000",
            "operatingIncome": "1450000000",
            "sellingGeneralAndAdministrative": "3185000000",
            "researchAndDevelopment": "None",
            "operatingExpenses": "3260000000",
            "investmentIncomeNet": "None",
            "netInterestIncome": "-196000000",
            "interestIncome": "None",
            "interestExpense": "196000000",
            "nonInterestIncome": "-90000000",
            "otherNonOperatingIncome": "-64000000",
            "depreciation": "None",
            "depreciationAndAmortization": "1634000000",
            "incomeBeforeTax": "1068000000",
            "incomeTaxExpense": "286000000",
            "interestAndDebtExpense": "286000000",
            "netIncomeFromContinuingOperations": "782000000",
            "comprehensiveIncomeNetOfTax": "785000000",
            "ebit": "1264000000",
            "ebitda": "3026000000",
            "netIncome": "782000000"
        }
    ]
}