{
    "symbol": "UDR",
    "annualReports": [
        {
            "fiscalDateEnding": "2022-12-31",
            "reportedCurrency": "USD",
            "grossProfit": "1179988000",
            "totalRevenue": "1517386000",
            "costOfRevenue": "337398000",
            "costofGoodsAndServicesSold": "250310000",
            "operatingIncome": "250814000",
            "sellingGeneralAndAdministrative": "72844000",
            "researchAndDevelopment": "None",
            "operatingExpenses": "104681000",
            "investmentIncomeNet": "None",
            "netInterestIncome": "-155900000",
            "interestIncome": "157886000",
            "interestExpense": "155900000",
            "nonInterestIncome": "5022000",
            "otherNonOperatingIncome": "-6933000",
            "depreciation": "665228000",
            "depreciationAndAmortization": "14344000",
            "incomeBeforeTax": "87273000",
            "incomeTaxExpense": "349000",
            "interestAndDebtExpense": "121880000",
            "netIncomeFromContinuingOperations": "92579000",
            "comprehensiveIncomeNetOfTax": "99529000",
            "ebit": "243173000",
            "ebitda": "257517000",
            "netIncome": "86924000"
        },
        {
            "fiscalDateEnding": "2021-12-31",
            "reportedCurrency": "USD",
            "grossProfit": "994247000",
            "totalRevenue": "1290767000",
            "costOfRevenue": "296520000",
            "costofGoodsAndServicesSold": "218094000",
            "operatingIncome": "267968000",
            "sellingGeneralAndAdministrative": "65841000",
            "researchAndDevelopment": "None",
            "operatingExpenses": "100675000",
            "investmentIncomeNet": "None",
            "netInterestIncome": "-186267000",
            "interestIncome": "15085000",
            "interestExpense": "186267000",
            "nonInterestIncome": "-36234000",
            "otherNonOperatingIncome": "15085000",
            "depreciation": "606648000",
            "depreciationAndAmortization": "13185000",
            "incomeBeforeTax": "151455000",
            "incomeTaxExpense": "1439000",
            "interestAndDebtExpense": "194559000",
            "netIncomeFromContinuingOperations": "160993000",
            "comprehensiveIncomeNetOfTax": "154899000",
            "ebit": "337722000",
            "ebitda": "350907000",
            "netIncome": "150016000"
        },
        {
            "fiscalDateEnding": "2020-12-31",
            "reportedCurrency": "USD",
            "grossProfit": "969241000",
            "totalRevenue": "1241165000",
            "costOfRevenue": "271924000",
            "costofGoodsAndServicesSold": "201944000",
            "operatingIncome": "249103000",
            "sellingGeneralAndAdministrative": "57785000",
            "researchAndDevelopment": "None",
            "operatingExpenses": "90560000",
            "investmentIncomeNet": "None",
            "netInterestIncome": "-202706000",
            "interestIncome": "128398000",
            "interestExpense": "202706000",
            "nonInterestIncome": "-44121000",
            "otherNonOperatingIncome": "6274000",
            "depreciation": "608616000",
            "depreciationAndAmortization": "10013000",
            "incomeBeforeTax": "66811000",
            "incomeTaxExpense": "2545000",
            "interestAndDebtExpense": "217747000",
            "netIncomeFromContinuingOperations": "68970000",
            "comprehensiveIncomeNetOfTax": "65570000",
            "ebit": "269517000",
            "ebitda": "279530000",
            "netIncome": "64266000"
        },
        {
            "fiscalDateEnding": "2019-12-31",
            "reportedCurrency": "USD",
            "grossProfit": "1087494000",
            "totalRevenue": "1152193000",
            "costOfRevenue": "64699000",
            "costofGoodsAndServicesSold": "178947000",
            "operatingIncome": "221057000",
            "sellingGeneralAndAdministrative": "58033000",
            "researchAndDevelopment": "None",
            "operatingExpenses": "78631000",
            "investmentIncomeNet": "None",
            "netInterestIncome": "-170917000",
            "interestIncome": "15404000",
            "interestExpense": "170917000",
            "nonInterestIncome": "14055000",
            "otherNonOperatingIncome": "15404000",
            "depreciation": "501257000",
            "depreciationAndAmortization": "6666000",
            "incomeBeforeTax": "188803000",
            "incomeTaxExpense": "3838000",
            "interestAndDebtExpense": "138647000",
            "netIncomeFromContinuingOperations": "199579000",
            "comprehensiveIncomeNetOfTax": "174584000",
            "ebit": "359720000",
            "ebitda": "366386000",
            "netIncome": "184965000"
        },
        {
            "fiscalDateEnding": "2018-12-31",
            "reportedCurrency": "USD",
            "grossProfit": "986503000",
            "totalRevenue": "1046859000",
            "costOfRevenue": "60356000",
            "costofGoodsAndServicesSold": "169078000",
            "operatingIncome": "354718000",
            "sellingGeneralAndAdministrative": "53683000",
            "researchAndDevelopment": "None",
            "operatingExpenses": "72456000",
            "investmentIncomeNet": "None",
            "netInterestIncome": "-134168000",
            "interestIncome": "6735000",
            "interestExpense": "134168000",
            "nonInterestIncome": "1046859000",
            "otherNonOperatingIncome": "6735000",
            "depreciation": "429006000",
            "depreciationAndAmortization": "6673000",
            "incomeBeforeTax": "203794000",
            "incomeTaxExpense": "688000",
            "interestAndDebtExpense": "101370000",
            "netIncomeFromContinuingOperations": "221542000",
            "comprehensiveIncomeNetOfTax": "205720000",
            "ebit": "337962000",
            "ebitda": "344635000",
            "netIncome": "203106000"
        }
    ],
    "quarterlyReports": [
        {
            "fiscalDateEnding": "2023-03-31",
            "reportedCurrency": "USD",
            "grossProfit": "313586000",
            "totalRevenue": "399549000",
            "costOfRevenue": "85963000",
            "costofGoodsAndServicesSold": "64834000",
            "operatingIncome": "66184000",
            "sellingGeneralAndAdministrative": "17480000",
            "researchAndDevelopment": "None",
            "operatingExpenses": "24161000",
            "investmentIncomeNet": "None",
            "netInterestIncome": "-43742000",
            "interestIncome": "1010000",
            "interestExpense": "43742000",
            "nonInterestIncome": "1242000",
            "otherNonOperatingIncome": "1010000",
            "depreciation": "169300000",
            "depreciationAndAmortization": "3649000",
            "incomeBeforeTax": "31198000",
            "incomeTaxExpense": "234000",
            "interestAndDebtExpense": "34400000",
            "netIncomeFromContinuingOperations": "32925000",
            "comprehensiveIncomeNetOfTax": "29443000",
            "ebit": "74940000",
            "ebitda": "78589000",
            "netIncome": "30964000"
        },
        {
            "fiscalDateEnding": "2022-12-31",
            "reportedCurrency": "USD",
            "grossProfit": "304870000",
            "totalRevenue": "399656000",
            "costOfRevenue": "94786000",
            "costofGoodsAndServicesSold": "64652000",
            "operatingIncome": "89269000",
            "sellingGeneralAndAdministrative": "25511000",
            "researchAndDevelopment": "None",
            "operatingExpenses": "34342000",
            "investmentIncomeNet": "None",
            "netInterestIncome": "-43247000",
            "interestIncome": "42485000",
            "interestExpense": "43247000",
            "nonInterestIncome": "1244000",
            "otherNonOperatingIncome": "1000",
            "depreciation": "167241000",
            "depreciationAndAmortization": "4823000",
            "incomeBeforeTax": "43847000",
            "incomeTaxExpense": "-683000",
            "interestAndDebtExpense": "34788000",
            "netIncomeFromContinuingOperations": "47467000",
            "comprehensiveIncomeNetOfTax": "44095000",
            "ebit": "87094000",
            "ebitda": "91917000",
            "netIncome": "44530000"
        },
        {
            "fiscalDateEnding": "2022-09-30",
            "reportedCurrency": "USD",
            "grossProfit": "305258000",
            "totalRevenue": "391297000",
            "costOfRevenue": "86039000",
            "costofGoodsAndServicesSold": "66769000",
            "operatingIncome": "62919000",
            "sellingGeneralAndAdministrative": "15840000",
            "researchAndDevelopment": "None",
            "operatingExpenses": "23016000",
            "investmentIncomeNet": "None",
            "netInterestIncome": "-39905000",
            "interestIncome": "37397000",
            "interestExpense": "39905000",
            "nonInterestIncome": "1274000",
            "otherNonOperatingIncome": "-7495000",
            "depreciation": "166781000",
            "depreciationAndAmortization": "3430000",
            "incomeBeforeTax": "23982000",
            "incomeTaxExpense": "377000",
            "interestAndDebtExpense": "39905000",
            "netIncomeFromContinuingOperations": "25145000",
            "comprehensiveIncomeNetOfTax": "28040000",
            "ebit": "63887000",
            "ebitda": "67317000",
            "netIncome": "23605000"
        },
        {
            "fiscalDateEnding": "2022-06-30",
            "reportedCurrency": "USD",
            "grossProfit": "289261000",
            "totalRevenue": "369167000",
            "costOfRevenue": "79906000",
            "costofGoodsAndServicesSold": "60405000",
            "operatingIncome": "50736000",
            "sellingGeneralAndAdministrative": "16585000",
            "researchAndDevelopment": "None",
            "operatingExpenses": "24628000",
            "investmentIncomeNet": "None",
            "netInterestIncome": "-36832000",
            "interestIncome": "3001000",
            "interestExpense": "36832000",
            "nonInterestIncome": "1419000",
            "otherNonOperatingIncome": "3001000",
            "depreciation": "167584000",
            "depreciationAndAmortization": "3016000",
            "incomeBeforeTax": "5396000",
            "incomeTaxExpense": "312000",
            "interestAndDebtExpense": "36832000",
            "netIncomeFromContinuingOperations": "5364000",
            "comprehensiveIncomeNetOfTax": "6624000",
            "ebit": "42228000",
            "ebitda": "45244000",
            "netIncome": "5084000"
        },
        {
            "fiscalDateEnding": "2022-03-31",
            "reportedCurrency": "USD",
            "grossProfit": "280799000",
            "totalRevenue": "357266000",
            "costOfRevenue": "76467000",
            "costofGoodsAndServicesSold": "58484000",
            "operatingIncome": "47890000",
            "sellingGeneralAndAdministrative": "14908000",
            "researchAndDevelopment": "None",
            "operatingExpenses": "22695000",
            "investmentIncomeNet": "None",
            "netInterestIncome": "-35916000",
            "interestIncome": "32944000",
            "interestExpense": "35916000",
            "nonInterestIncome": "1085000",
            "otherNonOperatingIncome": "-2440000",
            "depreciation": "163622000",
            "depreciationAndAmortization": "3075000",
            "incomeBeforeTax": "14048000",
            "incomeTaxExpense": "343000",
            "interestAndDebtExpense": "27533000",
            "netIncomeFromContinuingOperations": "14603000",
            "comprehensiveIncomeNetOfTax": "20771000",
            "ebit": "49964000",
            "ebitda": "53039000",
            "netIncome": "13705000"
        },
        {
            "fiscalDateEnding": "2021-12-31",
            "reportedCurrency": "USD",
            "grossProfit": "264257000",
            "totalRevenue": "348208000",
            "costOfRevenue": "83951000",
            "costofGoodsAndServicesSold": "57670000",
            "operatingIncome": "123941000",
            "sellingGeneralAndAdministrative": "22168000",
            "researchAndDevelopment": "None",
            "operatingExpenses": "35485000",
            "investmentIncomeNet": "None",
            "netInterestIncome": "-36418000",
            "interestIncome": "2254000",
            "interestExpense": "36418000",
            "nonInterestIncome": "1202000",
            "otherNonOperatingIncome": "2254000",
            "depreciation": "163755000",
            "depreciationAndAmortization": "4713000",
            "incomeBeforeTax": "117617000",
            "incomeTaxExpense": "156000",
            "interestAndDebtExpense": "27699000",
            "netIncomeFromContinuingOperations": "126144000",
            "comprehensiveIncomeNetOfTax": "119800000",
            "ebit": "154035000",
            "ebitda": "158748000",
            "netIncome": "117461000"
        },
        {
            "fiscalDateEnding": "2021-09-30",
            "reportedCurrency": "USD",
            "grossProfit": "252383000",
            "totalRevenue": "329770000",
            "costOfRevenue": "77387000",
            "costofGoodsAndServicesSold": "57708000",
            "operatingIncome": "33170000",
            "sellingGeneralAndAdministrative": "15810000",
            "researchAndDevelopment": "None",
            "operatingExpenses": "23316000",
            "investmentIncomeNet": "None",
            "netInterestIncome": "-36289000",
            "interestIncome": "8238000",
            "interestExpense": "36289000",
            "nonInterestIncome": "1071000",
            "otherNonOperatingIncome": "8238000",
            "depreciation": "152636000",
            "depreciationAndAmortization": "3269000",
            "incomeBeforeTax": "18260000",
            "incomeTaxExpense": "529000",
            "interestAndDebtExpense": "36289000",
            "netIncomeFromContinuingOperations": "19040000",
            "comprehensiveIncomeNetOfTax": "19433000",
            "ebit": "54549000",
            "ebitda": "57818000",
            "netIncome": "17731000"
        },
        {
            "fiscalDateEnding": "2021-06-30",
            "reportedCurrency": "USD",
            "grossProfit": "242284000",
            "totalRevenue": "311348000",
            "costOfRevenue": "69064000",
            "costofGoodsAndServicesSold": "51335000",
            "operatingIncome": "35787000",
            "sellingGeneralAndAdministrative": "15127000",
            "researchAndDevelopment": "None",
            "operatingExpenses": "22102000",
            "investmentIncomeNet": "None",
            "netInterestIncome": "-35404000",
            "interestIncome": "2536000",
            "interestExpense": "35404000",
            "nonInterestIncome": "2232000",
            "otherNonOperatingIncome": "2536000",
            "depreciation": "146169000",
            "depreciationAndAmortization": "2602000",
            "incomeBeforeTax": "11855000",
            "incomeTaxExpense": "135000",
            "interestAndDebtExpense": "35404000",
            "netIncomeFromContinuingOperations": "12535000",
            "comprehensiveIncomeNetOfTax": "12033000",
            "ebit": "47259000",
            "ebitda": "49861000",
            "netIncome": "11720000"
        },
        {
            "fiscalDateEnding": "2021-03-31",
            "reportedCurrency": "USD",
            "grossProfit": "234723000",
            "totalRevenue": "301441000",
            "costOfRevenue": "66718000",
            "costofGoodsAndServicesSold": "51381000",
            "operatingIncome": "75070000",
            "sellingGeneralAndAdministrative": "12736000",
            "researchAndDevelopment": "None",
            "operatingExpenses": "19772000",
            "investmentIncomeNet": "None",
            "netInterestIncome": "-78156000",
            "interestIncome": "2057000",
            "interestExpense": "78156000",
            "nonInterestIncome": "-40335000",
            "otherNonOperatingIncome": "2057000",
            "depreciation": "144088000",
            "depreciationAndAmortization": "2601000",
            "incomeBeforeTax": "3723000",
            "incomeTaxExpense": "619000",
            "interestAndDebtExpense": "111520000",
            "netIncomeFromContinuingOperations": "3274000",
            "comprehensiveIncomeNetOfTax": "3634000",
            "ebit": "81879000",
            "ebitda": "84480000",
            "netIncome": "3104000"
        },
        {
            "fiscalDateEnding": "2020-12-31",
            "reportedCurrency": "USD",
            "grossProfit": "230073000",
            "totalRevenue": "302384000",
            "costOfRevenue": "72311000",
            "costofGoodsAndServicesSold": "50359000",
            "operatingIncome": "88257000",
            "sellingGeneralAndAdministrative": "19878000",
            "researchAndDevelopment": "None",
            "operatingExpenses": "28105000",
            "investmentIncomeNet": "None",
            "netInterestIncome": "-62524000",
            "interestIncome": "34388000",
            "interestExpense": "62524000",
            "nonInterestIncome": "-23481000",
            "otherNonOperatingIncome": "-1030000",
            "depreciation": "146135000",
            "depreciationAndAmortization": "2074000",
            "incomeBeforeTax": "27200000",
            "incomeTaxExpense": "668000",
            "interestAndDebtExpense": "78861000",
            "netIncomeFromContinuingOperations": "28551000",
            "comprehensiveIncomeNetOfTax": "27882000",
            "ebit": "89724000",
            "ebitda": "91798000",
            "netIncome": "26532000"
        },
        {
            "fiscalDateEnding": "2020-09-30",
            "reportedCurrency": "USD",
            "grossProfit": "240814000",
            "totalRevenue": "310044000",
            "costOfRevenue": "69230000",
            "costofGoodsAndServicesSold": "53385000",
            "operatingIncome": "30115000",
            "sellingGeneralAndAdministrative": "11958000",
            "researchAndDevelopment": "None",
            "operatingExpenses": "21388000",
            "investmentIncomeNet": "None",
            "netInterestIncome": "-62268000",
            "interestIncome": "57145000",
            "interestExpense": "62268000",
            "nonInterestIncome": "1199000",
            "otherNonOperatingIncome": "2183000",
            "depreciation": "151949000",
            "depreciationAndAmortization": "3887000",
            "incomeBeforeTax": "-25071000",
            "incomeTaxExpense": "187000",
            "interestAndDebtExpense": "62268000",
            "netIncomeFromContinuingOperations": "-27217000",
            "comprehensiveIncomeNetOfTax": "-23812000",
            "ebit": "37197000",
            "ebitda": "41084000",
            "netIncome": "-25258000"
        },
        {
            "fiscalDateEnding": "2020-06-30",
            "reportedCurrency": "USD",
            "grossProfit": "294258000",
            "totalRevenue": "307256000",
            "costOfRevenue": "12998000",
            "costofGoodsAndServicesSold": "48717000",
            "operatingIncome": "91777000",
            "sellingGeneralAndAdministrative": "10971000",
            "researchAndDevelopment": "None",
            "operatingExpenses": "19098000",
            "investmentIncomeNet": "None",
            "netInterestIncome": "-38597000",
            "interestIncome": "2421000",
            "interestExpense": "38597000",
            "nonInterestIncome": "1274000",
            "otherNonOperatingIncome": "2421000",
            "depreciation": "155056000",
            "depreciationAndAmortization": "2027000",
            "incomeBeforeTax": "59297000",
            "incomeTaxExpense": "1526000",
            "interestAndDebtExpense": "38597000",
            "netIncomeFromContinuingOperations": "62096000",
            "comprehensiveIncomeNetOfTax": "58701000",
            "ebit": "97894000",
            "ebitda": "99921000",
            "netIncome": "57771000"
        },
        {
            "fiscalDateEnding": "2020-03-31",
            "reportedCurrency": "USD",
            "grossProfit": "302296000",
            "totalRevenue": "321481000",
            "costOfRevenue": "19185000",
            "costofGoodsAndServicesSold": "49483000",
            "operatingIncome": "38954000",
            "sellingGeneralAndAdministrative": "14978000",
            "researchAndDevelopment": "None",
            "operatingExpenses": "21969000",
            "investmentIncomeNet": "None",
            "netInterestIncome": "-39317000",
            "interestIncome": "2700000",
            "interestExpense": "39317000",
            "nonInterestIncome": "1400000",
            "otherNonOperatingIncome": "2700000",
            "depreciation": "155476000",
            "depreciationAndAmortization": "2025000",
            "incomeBeforeTax": "5385000",
            "incomeTaxExpense": "164000",
            "interestAndDebtExpense": "30135000",
            "netIncomeFromContinuingOperations": "5540000",
            "comprehensiveIncomeNetOfTax": "2799000",
            "ebit": "44702000",
            "ebitda": "46727000",
            "netIncome": "5221000"
        },
        {
            "fiscalDateEnding": "2019-12-31",
            "reportedCurrency": "USD",
            "grossProfit": "302745000",
            "totalRevenue": "304818000",
            "costOfRevenue": "22744000",
            "costofGoodsAndServicesSold": "47245000",
            "operatingIncome": "44782000",
            "sellingGeneralAndAdministrative": "21031000",
            "researchAndDevelopment": "None",
            "operatingExpenses": "25544000",
            "investmentIncomeNet": "None",
            "netInterestIncome": "-60435000",
            "interestIncome": "2406000",
            "interestExpense": "60435000",
            "nonInterestIncome": "2073000",
            "otherNonOperatingIncome": "2406000",
            "depreciation": "143464000",
            "depreciationAndAmortization": "1713000",
            "incomeBeforeTax": "97641000",
            "incomeTaxExpense": "2000",
            "interestAndDebtExpense": "52674000",
            "netIncomeFromContinuingOperations": "302745000",
            "comprehensiveIncomeNetOfTax": "96213000",
            "ebit": "158076000",
            "ebitda": "159789000",
            "netIncome": "97639000"
        },
        {
            "fiscalDateEnding": "2019-09-30",
            "reportedCurrency": "USD",
            "grossProfit": "281578000",
            "totalRevenue": "295394000",
            "costOfRevenue": "13816000",
            "costofGoodsAndServicesSold": "46869000",
            "operatingIncome": "58856000",
            "sellingGeneralAndAdministrative": "12197000",
            "researchAndDevelopment": "None",
            "operatingExpenses": "16567000",
            "investmentIncomeNet": "None",
            "netInterestIncome": "-42523000",
            "interestIncome": "1875000",
            "interestExpense": "42523000",
            "nonInterestIncome": "6386000",
            "otherNonOperatingIncome": "1875000",
            "depreciation": "127391000",
            "depreciationAndAmortization": "1619000",
            "incomeBeforeTax": "28703000",
            "incomeTaxExpense": "1499000",
            "interestAndDebtExpense": "42523000",
            "netIncomeFromContinuingOperations": "29422000",
            "comprehensiveIncomeNetOfTax": "26020000",
            "ebit": "71226000",
            "ebitda": "72845000",
            "netIncome": "27204000"
        },
        {
            "fiscalDateEnding": "2019-06-30",
            "reportedCurrency": "USD",
            "grossProfit": "267292000",
            "totalRevenue": "281308000",
            "costOfRevenue": "14016000",
            "costofGoodsAndServicesSold": "78728000",
            "operatingIncome": "64925000",
            "sellingGeneralAndAdministrative": "12338000",
            "researchAndDevelopment": "None",
            "operatingExpenses": "16751000",
            "investmentIncomeNet": "None",
            "netInterestIncome": "-34417000",
            "interestIncome": "1310000",
            "interestExpense": "34417000",
            "nonInterestIncome": "2800000",
            "otherNonOperatingIncome": "1310000",
            "depreciation": "117934000",
            "depreciationAndAmortization": "1678000",
            "incomeBeforeTax": "35744000",
            "incomeTaxExpense": "125000",
            "interestAndDebtExpense": "34417000",
            "netIncomeFromContinuingOperations": "38318000",
            "comprehensiveIncomeNetOfTax": "30754000",
            "ebit": "70161000",
            "ebitda": "71839000",
            "netIncome": "35619000"
        },
        {
            "fiscalDateEnding": "2019-03-31",
            "reportedCurrency": "USD",
            "grossProfit": "256550000",
            "totalRevenue": "270673000",
            "costOfRevenue": "14123000",
            "costofGoodsAndServicesSold": "78239000",
            "operatingIncome": "52494000",
            "sellingGeneralAndAdministrative": "12467000",
            "researchAndDevelopment": "None",
            "operatingExpenses": "19769000",
            "investmentIncomeNet": "None",
            "netInterestIncome": "-33542000",
            "interestIncome": "9813000",
            "interestExpense": "33542000",
            "nonInterestIncome": "2751000",
            "otherNonOperatingIncome": "9813000",
            "depreciation": "112468000",
            "depreciationAndAmortization": "1656000",
            "incomeBeforeTax": "26715000",
            "incomeTaxExpense": "2212000",
            "interestAndDebtExpense": "24809000",
            "netIncomeFromContinuingOperations": "26602000",
            "comprehensiveIncomeNetOfTax": "21600000",
            "ebit": "60257000",
            "ebitda": "61913000",
            "netIncome": "24503000"
        },
        {
            "fiscalDateEnding": "2018-12-31",
            "reportedCurrency": "USD",
            "grossProfit": "264732000",
            "totalRevenue": "267667000",
            "costOfRevenue": "-106858000",
            "costofGoodsAndServicesSold": "42949000",
            "operatingIncome": "126215000",
            "sellingGeneralAndAdministrative": "17655000",
            "researchAndDevelopment": "None",
            "operatingExpenses": "23223000",
            "investmentIncomeNet": "None",
            "netInterestIncome": "-38226000",
            "interestIncome": "None",
            "interestExpense": "38226000",
            "nonInterestIncome": "264732000",
            "otherNonOperatingIncome": "1660000",
            "depreciation": "106469000",
            "depreciationAndAmortization": "1616000",
            "incomeBeforeTax": "82209000",
            "incomeTaxExpense": "70000",
            "interestAndDebtExpense": "30071000",
            "netIncomeFromContinuingOperations": "264732000",
            "comprehensiveIncomeNetOfTax": "81873000",
            "ebit": "120435000",
            "ebitda": "122051000",
            "netIncome": "82139000"
        },
        {
            "fiscalDateEnding": "2018-09-30",
            "reportedCurrency": "USD",
            "grossProfit": "208476000",
            "totalRevenue": "266144000",
            "costOfRevenue": "57668000",
            "costofGoodsAndServicesSold": "44090000",
            "operatingIncome": "55011000",
            "sellingGeneralAndAdministrative": "11896000",
            "researchAndDevelopment": "None",
            "operatingExpenses": "16892000",
            "investmentIncomeNet": "None",
            "netInterestIncome": "-34401000",
            "interestIncome": "None",
            "interestExpense": "34401000",
            "nonInterestIncome": "263256000",
            "otherNonOperatingIncome": "1188000",
            "depreciation": "107881000",
            "depreciationAndAmortization": "1682000",
            "incomeBeforeTax": "18768000",
            "incomeTaxExpense": "158000",
            "interestAndDebtExpense": "34401000",
            "netIncomeFromContinuingOperations": "20258000",
            "comprehensiveIncomeNetOfTax": "20216000",
            "ebit": "53169000",
            "ebitda": "54851000",
            "netIncome": "18610000"
        },
        {
            "fiscalDateEnding": "2018-06-30",
            "reportedCurrency": "USD",
            "grossProfit": "197177000",
            "totalRevenue": "259743000",
            "costOfRevenue": "62566000",
            "costofGoodsAndServicesSold": "48509000",
            "operatingIncome": "55179000",
            "sellingGeneralAndAdministrative": "12373000",
            "researchAndDevelopment": "None",
            "operatingExpenses": "16882000",
            "investmentIncomeNet": "None",
            "netInterestIncome": "-31598000",
            "interestIncome": "None",
            "interestExpense": "31598000",
            "nonInterestIncome": "236074000",
            "otherNonOperatingIncome": "1128000",
            "depreciation": "106520000",
            "depreciationAndAmortization": "1684000",
            "incomeBeforeTax": "20834000",
            "incomeTaxExpense": "233000",
            "interestAndDebtExpense": "31598000",
            "netIncomeFromContinuingOperations": "22444000",
            "comprehensiveIncomeNetOfTax": "20470000",
            "ebit": "52432000",
            "ebitda": "54116000",
            "netIncome": "20601000"
        }
    ]
}