{
    "symbol": "VRSN",
    "annualReports": [
        {
            "fiscalDateEnding": "2022-12-31",
            "reportedCurrency": "USD",
            "grossProfit": "1224200000",
            "totalRevenue": "1424900000",
            "costOfRevenue": "200700000",
            "costofGoodsAndServicesSold": "200700000",
            "operatingIncome": "943100000",
            "sellingGeneralAndAdministrative": "195400000",
            "researchAndDevelopment": "85700000",
            "operatingExpenses": "328000000",
            "investmentIncomeNet": "14900000",
            "netInterestIncome": "-75300000",
            "interestIncome": "14900000",
            "interestExpense": "75300000",
            "nonInterestIncome": "0",
            "otherNonOperatingIncome": "-2500000",
            "depreciation": "None",
            "depreciationAndAmortization": "46900000",
            "incomeBeforeTax": "880200000",
            "incomeTaxExpense": "206400000",
            "interestAndDebtExpense": "75300000",
            "netIncomeFromContinuingOperations": "673800000",
            "comprehensiveIncomeNetOfTax": "673900000",
            "ebit": "943100000",
            "ebitda": "1002400000",
            "netIncome": "673800000"
        },
        {
            "fiscalDateEnding": "2021-12-31",
            "reportedCurrency": "USD",
            "grossProfit": "1135700000",
            "totalRevenue": "1327600000",
            "costOfRevenue": "191900000",
            "costofGoodsAndServicesSold": "191933000",
            "operatingIncome": "866800000",
            "sellingGeneralAndAdministrative": "188400000",
            "researchAndDevelopment": "80500000",
            "operatingExpenses": "316780000",
            "investmentIncomeNet": "582000",
            "netInterestIncome": "-83255000",
            "interestIncome": "45000",
            "interestExpense": "83300000",
            "nonInterestIncome": "-2100000",
            "otherNonOperatingIncome": "200000",
            "depreciation": "None",
            "depreciationAndAmortization": "47900000",
            "incomeBeforeTax": "782230000",
            "incomeTaxExpense": "-2600000",
            "interestAndDebtExpense": "85355000",
            "netIncomeFromContinuingOperations": "784830000",
            "comprehensiveIncomeNetOfTax": "784801000",
            "ebit": "866800000",
            "ebitda": "913430000",
            "netIncome": "784830000"
        },
        {
            "fiscalDateEnding": "2020-12-31",
            "reportedCurrency": "USD",
            "grossProfit": "1084900000",
            "totalRevenue": "1265100000",
            "costOfRevenue": "180200000",
            "costofGoodsAndServicesSold": "180177000",
            "operatingIncome": "824200000",
            "sellingGeneralAndAdministrative": "186000000",
            "researchAndDevelopment": "74700000",
            "operatingExpenses": "300624000",
            "investmentIncomeNet": "13946000",
            "netInterestIncome": "-90144000",
            "interestIncome": "56000",
            "interestExpense": "90200000",
            "nonInterestIncome": "6402000",
            "otherNonOperatingIncome": "-100000",
            "depreciation": "None",
            "depreciationAndAmortization": "46400000",
            "incomeBeforeTax": "750188000",
            "incomeTaxExpense": "-64700000",
            "interestAndDebtExpense": "90144000",
            "netIncomeFromContinuingOperations": "814888000",
            "comprehensiveIncomeNetOfTax": "814753000",
            "ebit": "824200000",
            "ebitda": "886788000",
            "netIncome": "814888000"
        },
        {
            "fiscalDateEnding": "2019-12-31",
            "reportedCurrency": "USD",
            "grossProfit": "1051194000",
            "totalRevenue": "1231661000",
            "costOfRevenue": "180467000",
            "costofGoodsAndServicesSold": "180467000",
            "operatingIncome": "806127000",
            "sellingGeneralAndAdministrative": "184262000",
            "researchAndDevelopment": "60805000",
            "operatingExpenses": "290580000",
            "investmentIncomeNet": "41373000",
            "netInterestIncome": "-90611000",
            "interestIncome": "26596000",
            "interestExpense": "90611000",
            "nonInterestIncome": "817000",
            "otherNonOperatingIncome": "247000",
            "depreciation": "None",
            "depreciationAndAmortization": "46330000",
            "incomeBeforeTax": "758776000",
            "incomeTaxExpense": "146477000",
            "interestAndDebtExpense": "90611000",
            "netIncomeFromContinuingOperations": "612299000",
            "comprehensiveIncomeNetOfTax": "612489000",
            "ebit": "806127000",
            "ebitda": "895717000",
            "netIncome": "612299000"
        },
        {
            "fiscalDateEnding": "2018-12-31",
            "reportedCurrency": "USD",
            "grossProfit": "1022835000",
            "totalRevenue": "1214969000",
            "costOfRevenue": "192134000",
            "costofGoodsAndServicesSold": "192134000",
            "operatingIncome": "767392000",
            "sellingGeneralAndAdministrative": "197559000",
            "researchAndDevelopment": "57884000",
            "operatingExpenses": "248970000",
            "investmentIncomeNet": "44749000",
            "netInterestIncome": "-114845000",
            "interestIncome": "26490000",
            "interestExpense": "114845000",
            "nonInterestIncome": "47286000",
            "otherNonOperatingIncome": "1061000",
            "depreciation": "None",
            "depreciationAndAmortization": "48367000",
            "incomeBeforeTax": "729516000",
            "incomeTaxExpense": "147027000",
            "interestAndDebtExpense": "121399000",
            "netIncomeFromContinuingOperations": "582489000",
            "comprehensiveIncomeNetOfTax": "582619000",
            "ebit": "767392000",
            "ebitda": "892728000",
            "netIncome": "582489000"
        }
    ],
    "quarterlyReports": [
        {
            "fiscalDateEnding": "2023-03-31",
            "reportedCurrency": "USD",
            "grossProfit": "314500000",
            "totalRevenue": "364400000",
            "costOfRevenue": "49900000",
            "costofGoodsAndServicesSold": "-49900000",
            "operatingIncome": "241300000",
            "sellingGeneralAndAdministrative": "49000000",
            "researchAndDevelopment": "24200000",
            "operatingExpenses": "84800000",
            "investmentIncomeNet": "10700000",
            "netInterestIncome": "-18800000",
            "interestIncome": "None",
            "interestExpense": "18800000",
            "nonInterestIncome": "None",
            "otherNonOperatingIncome": "11300000",
            "depreciation": "None",
            "depreciationAndAmortization": "11600000",
            "incomeBeforeTax": "233800000",
            "incomeTaxExpense": "55100000",
            "interestAndDebtExpense": "18800000",
            "netIncomeFromContinuingOperations": "178700000",
            "comprehensiveIncomeNetOfTax": "178700000",
            "ebit": "252600000",
            "ebitda": "264200000",
            "netIncome": "178700000"
        },
        {
            "fiscalDateEnding": "2022-12-31",
            "reportedCurrency": "USD",
            "grossProfit": "318700000",
            "totalRevenue": "369200000",
            "costOfRevenue": "50500000",
            "costofGoodsAndServicesSold": "50500000",
            "operatingIncome": "245500000",
            "sellingGeneralAndAdministrative": "51700000",
            "researchAndDevelopment": "21500000",
            "operatingExpenses": "84900000",
            "investmentIncomeNet": "None",
            "netInterestIncome": "-18800000",
            "interestIncome": "None",
            "interestExpense": "18800000",
            "nonInterestIncome": "None",
            "otherNonOperatingIncome": "5600000",
            "depreciation": "None",
            "depreciationAndAmortization": "11700000",
            "incomeBeforeTax": "232300000",
            "incomeTaxExpense": "52800000",
            "interestAndDebtExpense": "18800000",
            "netIncomeFromContinuingOperations": "179500000",
            "comprehensiveIncomeNetOfTax": "179500000",
            "ebit": "245500000",
            "ebitda": "262800000",
            "netIncome": "179500000"
        },
        {
            "fiscalDateEnding": "2022-09-30",
            "reportedCurrency": "USD",
            "grossProfit": "306900000",
            "totalRevenue": "356900000",
            "costOfRevenue": "50000000",
            "costofGoodsAndServicesSold": "50000000",
            "operatingIncome": "236800000",
            "sellingGeneralAndAdministrative": "49100000",
            "researchAndDevelopment": "21000000",
            "operatingExpenses": "80000000",
            "investmentIncomeNet": "None",
            "netInterestIncome": "-18800000",
            "interestIncome": "None",
            "interestExpense": "18800000",
            "nonInterestIncome": "None",
            "otherNonOperatingIncome": "4900000",
            "depreciation": "None",
            "depreciationAndAmortization": "11400000",
            "incomeBeforeTax": "222900000",
            "incomeTaxExpense": "53400000",
            "interestAndDebtExpense": "18800000",
            "netIncomeFromContinuingOperations": "169500000",
            "comprehensiveIncomeNetOfTax": "169700000",
            "ebit": "241700000",
            "ebitda": "253100000",
            "netIncome": "169500000"
        },
        {
            "fiscalDateEnding": "2022-06-30",
            "reportedCurrency": "USD",
            "grossProfit": "302400000",
            "totalRevenue": "351900000",
            "costOfRevenue": "49500000",
            "costofGoodsAndServicesSold": "49500000",
            "operatingIncome": "236000000",
            "sellingGeneralAndAdministrative": "46100000",
            "researchAndDevelopment": "20300000",
            "operatingExpenses": "76300000",
            "investmentIncomeNet": "None",
            "netInterestIncome": "-18900000",
            "interestIncome": "None",
            "interestExpense": "18900000",
            "nonInterestIncome": "None",
            "otherNonOperatingIncome": "1600000",
            "depreciation": "None",
            "depreciationAndAmortization": "11900000",
            "incomeBeforeTax": "218700000",
            "incomeTaxExpense": "51400000",
            "interestAndDebtExpense": "18900000",
            "netIncomeFromContinuingOperations": "167300000",
            "comprehensiveIncomeNetOfTax": "167400000",
            "ebit": "237600000",
            "ebitda": "249500000",
            "netIncome": "167300000"
        },
        {
            "fiscalDateEnding": "2022-03-31",
            "reportedCurrency": "USD",
            "grossProfit": "296200000",
            "totalRevenue": "346900000",
            "costOfRevenue": "50700000",
            "costofGoodsAndServicesSold": "50700000",
            "operatingIncome": "224800000",
            "sellingGeneralAndAdministrative": "48500000",
            "researchAndDevelopment": "22900000",
            "operatingExpenses": "83300000",
            "investmentIncomeNet": "300000",
            "netInterestIncome": "-18800000",
            "interestIncome": "None",
            "interestExpense": "18800000",
            "nonInterestIncome": "None",
            "otherNonOperatingIncome": "300000",
            "depreciation": "None",
            "depreciationAndAmortization": "11900000",
            "incomeBeforeTax": "206300000",
            "incomeTaxExpense": "48800000",
            "interestAndDebtExpense": "18800000",
            "netIncomeFromContinuingOperations": "157500000",
            "comprehensiveIncomeNetOfTax": "157300000",
            "ebit": "225100000",
            "ebitda": "237000000",
            "netIncome": "157500000"
        },
        {
            "fiscalDateEnding": "2021-12-31",
            "reportedCurrency": "USD",
            "grossProfit": "291000000",
            "totalRevenue": "340300000",
            "costOfRevenue": "49300000",
            "costofGoodsAndServicesSold": "49368000",
            "operatingIncome": "222100000",
            "sellingGeneralAndAdministrative": "48100000",
            "researchAndDevelopment": "20800000",
            "operatingExpenses": "81159000",
            "investmentIncomeNet": "None",
            "netInterestIncome": "-18828000",
            "interestIncome": "72000",
            "interestExpense": "18900000",
            "nonInterestIncome": "49000",
            "otherNonOperatingIncome": "-78000",
            "depreciation": "None",
            "depreciationAndAmortization": "12300000",
            "incomeBeforeTax": "203430000",
            "incomeTaxExpense": "-126700000",
            "interestAndDebtExpense": "18779000",
            "netIncomeFromContinuingOperations": "330082000",
            "comprehensiveIncomeNetOfTax": "330101000",
            "ebit": "222100000",
            "ebitda": "234630000",
            "netIncome": "330130000"
        },
        {
            "fiscalDateEnding": "2021-09-30",
            "reportedCurrency": "USD",
            "grossProfit": "286500000",
            "totalRevenue": "334300000",
            "costOfRevenue": "47800000",
            "costofGoodsAndServicesSold": "47801000",
            "operatingIncome": "221300000",
            "sellingGeneralAndAdministrative": "45600000",
            "researchAndDevelopment": "19600000",
            "operatingExpenses": "74836000",
            "investmentIncomeNet": "None",
            "netInterestIncome": "-18829000",
            "interestIncome": "-29000",
            "interestExpense": "18800000",
            "nonInterestIncome": "0",
            "otherNonOperatingIncome": "53000",
            "depreciation": "None",
            "depreciationAndAmortization": "12000000",
            "incomeBeforeTax": "202600000",
            "incomeTaxExpense": "46000000",
            "interestAndDebtExpense": "18829000",
            "netIncomeFromContinuingOperations": "156622000",
            "comprehensiveIncomeNetOfTax": "156700000",
            "ebit": "221400000",
            "ebitda": "233400000",
            "netIncome": "156600000"
        },
        {
            "fiscalDateEnding": "2021-06-30",
            "reportedCurrency": "USD",
            "grossProfit": "281600000",
            "totalRevenue": "329400000",
            "costOfRevenue": "47800000",
            "costofGoodsAndServicesSold": "47796000",
            "operatingIncome": "213000000",
            "sellingGeneralAndAdministrative": "48800000",
            "researchAndDevelopment": "19800000",
            "operatingExpenses": "78130000",
            "investmentIncomeNet": "None",
            "netInterestIncome": "-23064000",
            "interestIncome": "36000",
            "interestExpense": "23100000",
            "nonInterestIncome": "-2149000",
            "otherNonOperatingIncome": "-3000",
            "depreciation": "None",
            "depreciationAndAmortization": "12000000",
            "incomeBeforeTax": "187900000",
            "incomeTaxExpense": "40200000",
            "interestAndDebtExpense": "25213000",
            "netIncomeFromContinuingOperations": "147772000",
            "comprehensiveIncomeNetOfTax": "147600000",
            "ebit": "211000000",
            "ebitda": "223000000",
            "netIncome": "147700000"
        },
        {
            "fiscalDateEnding": "2021-03-31",
            "reportedCurrency": "USD",
            "grossProfit": "276600000",
            "totalRevenue": "323600000",
            "costOfRevenue": "47000000",
            "costofGoodsAndServicesSold": "46968000",
            "operatingIncome": "210400000",
            "sellingGeneralAndAdministrative": "45900000",
            "researchAndDevelopment": "20300000",
            "operatingExpenses": "77820000",
            "investmentIncomeNet": "None",
            "netInterestIncome": "-22534000",
            "interestIncome": "-34000",
            "interestExpense": "22500000",
            "nonInterestIncome": "0",
            "otherNonOperatingIncome": "228000",
            "depreciation": "None",
            "depreciationAndAmortization": "11600000",
            "incomeBeforeTax": "188300000",
            "incomeTaxExpense": "37900000",
            "interestAndDebtExpense": "22534000",
            "netIncomeFromContinuingOperations": "150354000",
            "comprehensiveIncomeNetOfTax": "150400000",
            "ebit": "210800000",
            "ebitda": "222400000",
            "netIncome": "150400000"
        },
        {
            "fiscalDateEnding": "2020-12-31",
            "reportedCurrency": "USD",
            "grossProfit": "274337000",
            "totalRevenue": "320332000",
            "costOfRevenue": "45995000",
            "costofGoodsAndServicesSold": "45972000",
            "operatingIncome": "204507000",
            "sellingGeneralAndAdministrative": "50398000",
            "researchAndDevelopment": "19432000",
            "operatingExpenses": "80893000",
            "investmentIncomeNet": "None",
            "netInterestIncome": "-22537000",
            "interestIncome": "56000",
            "interestExpense": "22593000",
            "nonInterestIncome": "800000",
            "otherNonOperatingIncome": "-160000",
            "depreciation": "None",
            "depreciationAndAmortization": "11937000",
            "incomeBeforeTax": "182840000",
            "incomeTaxExpense": "25526000",
            "interestAndDebtExpense": "22537000",
            "netIncomeFromContinuingOperations": "157314000",
            "comprehensiveIncomeNetOfTax": "157299000",
            "ebit": "204507000",
            "ebitda": "217370000",
            "netIncome": "157314000"
        },
        {
            "fiscalDateEnding": "2020-09-30",
            "reportedCurrency": "USD",
            "grossProfit": "272855000",
            "totalRevenue": "317879000",
            "costOfRevenue": "45024000",
            "costofGoodsAndServicesSold": "45024000",
            "operatingIncome": "206649000",
            "sellingGeneralAndAdministrative": "46498000",
            "researchAndDevelopment": "19708000",
            "operatingExpenses": "75315000",
            "investmentIncomeNet": "None",
            "netInterestIncome": "-22537000",
            "interestIncome": "805000",
            "interestExpense": "22537000",
            "nonInterestIncome": "-9000",
            "otherNonOperatingIncome": "-21000",
            "depreciation": "None",
            "depreciationAndAmortization": "11622000",
            "incomeBeforeTax": "184887000",
            "incomeTaxExpense": "13908000",
            "interestAndDebtExpense": "22537000",
            "netIncomeFromContinuingOperations": "170979000",
            "comprehensiveIncomeNetOfTax": "170596000",
            "ebit": "207424000",
            "ebitda": "219046000",
            "netIncome": "170979000"
        },
        {
            "fiscalDateEnding": "2020-06-30",
            "reportedCurrency": "USD",
            "grossProfit": "270757000",
            "totalRevenue": "314365000",
            "costOfRevenue": "43608000",
            "costofGoodsAndServicesSold": "43608000",
            "operatingIncome": "206780000",
            "sellingGeneralAndAdministrative": "45775000",
            "researchAndDevelopment": "18202000",
            "operatingExpenses": "67824000",
            "investmentIncomeNet": "None",
            "netInterestIncome": "-22535000",
            "interestIncome": "2274000",
            "interestExpense": "22535000",
            "nonInterestIncome": "5153000",
            "otherNonOperatingIncome": "-24000",
            "depreciation": "None",
            "depreciationAndAmortization": "11609000",
            "incomeBeforeTax": "191648000",
            "incomeTaxExpense": "39169000",
            "interestAndDebtExpense": "22535000",
            "netIncomeFromContinuingOperations": "152479000",
            "comprehensiveIncomeNetOfTax": "150479000",
            "ebit": "214183000",
            "ebitda": "225792000",
            "netIncome": "152479000"
        },
        {
            "fiscalDateEnding": "2020-03-31",
            "reportedCurrency": "USD",
            "grossProfit": "266951000",
            "totalRevenue": "312524000",
            "costOfRevenue": "45573000",
            "costofGoodsAndServicesSold": "45573000",
            "operatingIncome": "206264000",
            "sellingGeneralAndAdministrative": "43329000",
            "researchAndDevelopment": "17358000",
            "operatingExpenses": "71919000",
            "investmentIncomeNet": "None",
            "netInterestIncome": "-22535000",
            "interestIncome": "4421000",
            "interestExpense": "22535000",
            "nonInterestIncome": "458000",
            "otherNonOperatingIncome": "563000",
            "depreciation": "None",
            "depreciationAndAmortization": "11232000",
            "incomeBeforeTax": "190813000",
            "incomeTaxExpense": "-143303000",
            "interestAndDebtExpense": "22535000",
            "netIncomeFromContinuingOperations": "334116000",
            "comprehensiveIncomeNetOfTax": "336379000",
            "ebit": "213348000",
            "ebitda": "224580000",
            "netIncome": "334116000"
        },
        {
            "fiscalDateEnding": "2019-12-31",
            "reportedCurrency": "USD",
            "grossProfit": "264089000",
            "totalRevenue": "310543000",
            "costOfRevenue": "46454000",
            "costofGoodsAndServicesSold": "46454000",
            "operatingIncome": "198566000",
            "sellingGeneralAndAdministrative": "50422000",
            "researchAndDevelopment": "15101000",
            "operatingExpenses": "76709000",
            "investmentIncomeNet": "None",
            "netInterestIncome": "-22712000",
            "interestIncome": "5551000",
            "interestExpense": "22712000",
            "nonInterestIncome": "817000",
            "otherNonOperatingIncome": "-178000",
            "depreciation": "None",
            "depreciationAndAmortization": "12003000",
            "incomeBeforeTax": "184977000",
            "incomeTaxExpense": "36652000",
            "interestAndDebtExpense": "22712000",
            "netIncomeFromContinuingOperations": "148325000",
            "comprehensiveIncomeNetOfTax": "148123000",
            "ebit": "198566000",
            "ebitda": "219692000",
            "netIncome": "148325000"
        },
        {
            "fiscalDateEnding": "2019-09-30",
            "reportedCurrency": "USD",
            "grossProfit": "263978000",
            "totalRevenue": "308421000",
            "costOfRevenue": "44443000",
            "costofGoodsAndServicesSold": "44443000",
            "operatingIncome": "205616000",
            "sellingGeneralAndAdministrative": "43743000",
            "researchAndDevelopment": "14619000",
            "operatingExpenses": "67062000",
            "investmentIncomeNet": "None",
            "netInterestIncome": "-22633000",
            "interestIncome": "6457000",
            "interestExpense": "22633000",
            "nonInterestIncome": "0",
            "otherNonOperatingIncome": "227000",
            "depreciation": "None",
            "depreciationAndAmortization": "11443000",
            "incomeBeforeTax": "193481000",
            "incomeTaxExpense": "39568000",
            "interestAndDebtExpense": "22633000",
            "netIncomeFromContinuingOperations": "153913000",
            "comprehensiveIncomeNetOfTax": "154221000",
            "ebit": "216114000",
            "ebitda": "227557000",
            "netIncome": "153913000"
        },
        {
            "fiscalDateEnding": "2019-06-30",
            "reportedCurrency": "USD",
            "grossProfit": "262223000",
            "totalRevenue": "306289000",
            "costOfRevenue": "44066000",
            "costofGoodsAndServicesSold": "44066000",
            "operatingIncome": "201693000",
            "sellingGeneralAndAdministrative": "45577000",
            "researchAndDevelopment": "14953000",
            "operatingExpenses": "69130000",
            "investmentIncomeNet": "None",
            "netInterestIncome": "-22635000",
            "interestIncome": "7228000",
            "interestExpense": "22635000",
            "nonInterestIncome": "0",
            "otherNonOperatingIncome": "115000",
            "depreciation": "None",
            "depreciationAndAmortization": "11291000",
            "incomeBeforeTax": "190494000",
            "incomeTaxExpense": "42960000",
            "interestAndDebtExpense": "22635000",
            "netIncomeFromContinuingOperations": "147534000",
            "comprehensiveIncomeNetOfTax": "147569000",
            "ebit": "213129000",
            "ebitda": "224420000",
            "netIncome": "147534000"
        },
        {
            "fiscalDateEnding": "2019-03-31",
            "reportedCurrency": "USD",
            "grossProfit": "260904000",
            "totalRevenue": "306408000",
            "costOfRevenue": "45504000",
            "costofGoodsAndServicesSold": "45504000",
            "operatingIncome": "200252000",
            "sellingGeneralAndAdministrative": "44520000",
            "researchAndDevelopment": "16132000",
            "operatingExpenses": "72245000",
            "investmentIncomeNet": "None",
            "netInterestIncome": "-22631000",
            "interestIncome": "7360000",
            "interestExpense": "22631000",
            "nonInterestIncome": "0",
            "otherNonOperatingIncome": "793000",
            "depreciation": "None",
            "depreciationAndAmortization": "11593000",
            "incomeBeforeTax": "189824000",
            "incomeTaxExpense": "27297000",
            "interestAndDebtExpense": "22631000",
            "netIncomeFromContinuingOperations": "162527000",
            "comprehensiveIncomeNetOfTax": "162576000",
            "ebit": "212455000",
            "ebitda": "224048000",
            "netIncome": "162527000"
        },
        {
            "fiscalDateEnding": "2018-12-31",
            "reportedCurrency": "USD",
            "grossProfit": "259084000",
            "totalRevenue": "307452000",
            "costOfRevenue": "48368000",
            "costofGoodsAndServicesSold": "48368000",
            "operatingIncome": "193966000",
            "sellingGeneralAndAdministrative": "50076000",
            "researchAndDevelopment": "15042000",
            "operatingExpenses": "22195000",
            "investmentIncomeNet": "None",
            "netInterestIncome": "-22634000",
            "interestIncome": "None",
            "interestExpense": "22634000",
            "nonInterestIncome": "53840000",
            "otherNonOperatingIncome": "2000",
            "depreciation": "None",
            "depreciationAndAmortization": "11917000",
            "incomeBeforeTax": "233902000",
            "incomeTaxExpense": "51707000",
            "interestAndDebtExpense": "22634000",
            "netIncomeFromContinuingOperations": "182195000",
            "comprehensiveIncomeNetOfTax": "182387000",
            "ebit": "193966000",
            "ebitda": "268453000",
            "netIncome": "182195000"
        },
        {
            "fiscalDateEnding": "2018-09-30",
            "reportedCurrency": "USD",
            "grossProfit": "257528000",
            "totalRevenue": "305777000",
            "costOfRevenue": "48249000",
            "costofGoodsAndServicesSold": "48249000",
            "operatingIncome": "194997000",
            "sellingGeneralAndAdministrative": "48819000",
            "researchAndDevelopment": "13712000",
            "operatingExpenses": "70831000",
            "investmentIncomeNet": "None",
            "netInterestIncome": "-22631000",
            "interestIncome": "None",
            "interestExpense": "22631000",
            "nonInterestIncome": "0",
            "otherNonOperatingIncome": "112000",
            "depreciation": "None",
            "depreciationAndAmortization": "12255000",
            "incomeBeforeTax": "178301000",
            "incomeTaxExpense": "40621000",
            "interestAndDebtExpense": "22631000",
            "netIncomeFromContinuingOperations": "137680000",
            "comprehensiveIncomeNetOfTax": "137358000",
            "ebit": "200932000",
            "ebitda": "213187000",
            "netIncome": "137680000"
        },
        {
            "fiscalDateEnding": "2018-06-30",
            "reportedCurrency": "USD",
            "grossProfit": "255087000",
            "totalRevenue": "302452000",
            "costOfRevenue": "47365000",
            "costofGoodsAndServicesSold": "47365000",
            "operatingIncome": "193010000",
            "sellingGeneralAndAdministrative": "48322000",
            "researchAndDevelopment": "13755000",
            "operatingExpenses": "70177000",
            "investmentIncomeNet": "None",
            "netInterestIncome": "-28792000",
            "interestIncome": "None",
            "interestExpense": "28792000",
            "nonInterestIncome": "-6554000",
            "otherNonOperatingIncome": "631000",
            "depreciation": "None",
            "depreciationAndAmortization": "12078000",
            "incomeBeforeTax": "164878000",
            "incomeTaxExpense": "36527000",
            "interestAndDebtExpense": "35346000",
            "netIncomeFromContinuingOperations": "128351000",
            "comprehensiveIncomeNetOfTax": "128368000",
            "ebit": "193670000",
            "ebitda": "205748000",
            "netIncome": "128351000"
        }
    ]
}