{
    "symbol": "WDC",
    "annualReports": [
        {
            "fiscalDateEnding": "2022-06-30",
            "reportedCurrency": "USD",
            "grossProfit": "5874000000",
            "totalRevenue": "18793000000",
            "costOfRevenue": "12919000000",
            "costofGoodsAndServicesSold": "12919000000",
            "operatingIncome": "2391000000",
            "sellingGeneralAndAdministrative": "1117000000",
            "researchAndDevelopment": "2323000000",
            "operatingExpenses": "3483000000",
            "investmentIncomeNet": "None",
            "netInterestIncome": "-268000000",
            "interestIncome": "6000000",
            "interestExpense": "304000000",
            "nonInterestIncome": "None",
            "otherNonOperatingIncome": "30000000",
            "depreciation": "708000000",
            "depreciationAndAmortization": "929000000",
            "incomeBeforeTax": "2123000000",
            "incomeTaxExpense": "623000000",
            "interestAndDebtExpense": "None",
            "netIncomeFromContinuingOperations": "1500000000",
            "comprehensiveIncomeNetOfTax": "None",
            "ebit": "2427000000",
            "ebitda": "3356000000",
            "netIncome": "1500000000"
        },
        {
            "fiscalDateEnding": "2021-06-30",
            "reportedCurrency": "USD",
            "grossProfit": "4521000000",
            "totalRevenue": "16666000000",
            "costOfRevenue": "14746000000",
            "costofGoodsAndServicesSold": "12401000000",
            "operatingIncome": "1220000000",
            "sellingGeneralAndAdministrative": "1105000000",
            "researchAndDevelopment": "2243000000",
            "operatingExpenses": "3301000000",
            "investmentIncomeNet": "7000000",
            "netInterestIncome": "-326000000",
            "interestIncome": "7000000",
            "interestExpense": "326000000",
            "nonInterestIncome": "16992000000",
            "otherNonOperatingIncome": "26000000",
            "depreciation": "726000000",
            "depreciationAndAmortization": "1212000000",
            "incomeBeforeTax": "927000000",
            "incomeTaxExpense": "106000000",
            "interestAndDebtExpense": "326000000",
            "netIncomeFromContinuingOperations": "821000000",
            "comprehensiveIncomeNetOfTax": "781000000",
            "ebit": "1253000000",
            "ebitda": "2465000000",
            "netIncome": "821000000"
        },
        {
            "fiscalDateEnding": "2020-06-30",
            "reportedCurrency": "USD",
            "grossProfit": "3781000000",
            "totalRevenue": "16330000000",
            "costOfRevenue": "15723000000",
            "costofGoodsAndServicesSold": "12955000000",
            "operatingIncome": "335000000",
            "sellingGeneralAndAdministrative": "1153000000",
            "researchAndDevelopment": "2261000000",
            "operatingExpenses": "3446000000",
            "investmentIncomeNet": "28000000",
            "netInterestIncome": "-413000000",
            "interestIncome": "28000000",
            "interestExpense": "413000000",
            "nonInterestIncome": "16743000000",
            "otherNonOperatingIncome": "4000000",
            "depreciation": "797000000",
            "depreciationAndAmortization": "1566000000",
            "incomeBeforeTax": "-46000000",
            "incomeTaxExpense": "204000000",
            "interestAndDebtExpense": "413000000",
            "netIncomeFromContinuingOperations": "-250000000",
            "comprehensiveIncomeNetOfTax": "-339000000",
            "ebit": "367000000",
            "ebitda": "1933000000",
            "netIncome": "-250000000"
        },
        {
            "fiscalDateEnding": "2019-06-30",
            "reportedCurrency": "USD",
            "grossProfit": "3752000000",
            "totalRevenue": "16061000000",
            "costOfRevenue": "16112000000",
            "costofGoodsAndServicesSold": "12817000000",
            "operatingIncome": "87000000",
            "sellingGeneralAndAdministrative": "1317000000",
            "researchAndDevelopment": "2182000000",
            "operatingExpenses": "3665000000",
            "investmentIncomeNet": "57000000",
            "netInterestIncome": "-469000000",
            "interestIncome": "57000000",
            "interestExpense": "469000000",
            "nonInterestIncome": "16530000000",
            "otherNonOperatingIncome": "38000000",
            "depreciation": "844000000",
            "depreciationAndAmortization": "1812000000",
            "incomeBeforeTax": "-287000000",
            "incomeTaxExpense": "467000000",
            "interestAndDebtExpense": "469000000",
            "netIncomeFromContinuingOperations": "-754000000",
            "comprehensiveIncomeNetOfTax": "-783000000",
            "ebit": "182000000",
            "ebitda": "1994000000",
            "netIncome": "-754000000"
        },
        {
            "fiscalDateEnding": "2018-06-30",
            "reportedCurrency": "USD",
            "grossProfit": "7705000000",
            "totalRevenue": "19051000000",
            "costOfRevenue": "16685000000",
            "costofGoodsAndServicesSold": "12942000000",
            "operatingIncome": "3617000000",
            "sellingGeneralAndAdministrative": "1473000000",
            "researchAndDevelopment": "2400000000",
            "operatingExpenses": "4088000000",
            "investmentIncomeNet": "60000000",
            "netInterestIncome": "-676000000",
            "interestIncome": "60000000",
            "interestExpense": "676000000",
            "nonInterestIncome": "-920000000",
            "otherNonOperatingIncome": "-916000000",
            "depreciation": "871000000",
            "depreciationAndAmortization": "2056000000",
            "incomeBeforeTax": "2085000000",
            "incomeTaxExpense": "1410000000",
            "interestAndDebtExpense": "1575000000",
            "netIncomeFromContinuingOperations": "675000000",
            "comprehensiveIncomeNetOfTax": "694000000",
            "ebit": "2761000000",
            "ebitda": "4817000000",
            "netIncome": "675000000"
        }
    ],
    "quarterlyReports": [
        {
            "fiscalDateEnding": "2022-12-31",
            "reportedCurrency": "USD",
            "grossProfit": "528000000",
            "totalRevenue": "3034000000",
            "costOfRevenue": "2890000000",
            "costofGoodsAndServicesSold": "2579000000",
            "operatingIncome": "-321000000",
            "sellingGeneralAndAdministrative": "250000000",
            "researchAndDevelopment": "523000000",
            "operatingExpenses": "849000000",
            "investmentIncomeNet": "3000000",
            "netInterestIncome": "-73000000",
            "interestIncome": "3000000",
            "interestExpense": "73000000",
            "nonInterestIncome": "3107000000",
            "otherNonOperatingIncome": "6000000",
            "depreciation": "None",
            "depreciationAndAmortization": "214000000",
            "incomeBeforeTax": "-385000000",
            "incomeTaxExpense": "61000000",
            "interestAndDebtExpense": "73000000",
            "netIncomeFromContinuingOperations": "-446000000",
            "comprehensiveIncomeNetOfTax": "-121000000",
            "ebit": "-312000000",
            "ebitda": "-98000000",
            "netIncome": "-446000000"
        },
        {
            "fiscalDateEnding": "2022-09-30",
            "reportedCurrency": "USD",
            "grossProfit": "981000000",
            "totalRevenue": "3665000000",
            "costOfRevenue": "3242000000",
            "costofGoodsAndServicesSold": "2755000000",
            "operatingIncome": "158000000",
            "sellingGeneralAndAdministrative": "247000000",
            "researchAndDevelopment": "552000000",
            "operatingExpenses": "823000000",
            "investmentIncomeNet": "2000000",
            "netInterestIncome": "-70000000",
            "interestIncome": "2000000",
            "interestExpense": "70000000",
            "nonInterestIncome": "3735000000",
            "otherNonOperatingIncome": "-6000000",
            "depreciation": "None",
            "depreciationAndAmortization": "216000000",
            "incomeBeforeTax": "84000000",
            "incomeTaxExpense": "57000000",
            "interestAndDebtExpense": "70000000",
            "netIncomeFromContinuingOperations": "27000000",
            "comprehensiveIncomeNetOfTax": "-113000000",
            "ebit": "154000000",
            "ebitda": "370000000",
            "netIncome": "27000000"
        },
        {
            "fiscalDateEnding": "2022-06-30",
            "reportedCurrency": "USD",
            "grossProfit": "1445000000",
            "totalRevenue": "4528000000",
            "costOfRevenue": "3083000000",
            "costofGoodsAndServicesSold": "3083000000",
            "operatingIncome": "562000000",
            "sellingGeneralAndAdministrative": "266000000",
            "researchAndDevelopment": "598000000",
            "operatingExpenses": "883000000",
            "investmentIncomeNet": "None",
            "netInterestIncome": "-51000000",
            "interestIncome": "2000000",
            "interestExpense": "75000000",
            "nonInterestIncome": "None",
            "otherNonOperatingIncome": "22000000",
            "depreciation": "None",
            "depreciationAndAmortization": "221000000",
            "incomeBeforeTax": "511000000",
            "incomeTaxExpense": "210000000",
            "interestAndDebtExpense": "None",
            "netIncomeFromContinuingOperations": "301000000",
            "comprehensiveIncomeNetOfTax": "None",
            "ebit": "586000000",
            "ebitda": "807000000",
            "netIncome": "301000000"
        },
        {
            "fiscalDateEnding": "2022-03-31",
            "reportedCurrency": "USD",
            "grossProfit": "1181000000",
            "totalRevenue": "4381000000",
            "costOfRevenue": "3200000000",
            "costofGoodsAndServicesSold": "3200000000",
            "operatingIncome": "324000000",
            "sellingGeneralAndAdministrative": "281000000",
            "researchAndDevelopment": "572000000",
            "operatingExpenses": "857000000",
            "investmentIncomeNet": "None",
            "netInterestIncome": "-62000000",
            "interestIncome": "1000000",
            "interestExpense": "75000000",
            "nonInterestIncome": "None",
            "otherNonOperatingIncome": "12000000",
            "depreciation": "None",
            "depreciationAndAmortization": "216000000",
            "incomeBeforeTax": "262000000",
            "incomeTaxExpense": "237000000",
            "interestAndDebtExpense": "None",
            "netIncomeFromContinuingOperations": "25000000",
            "comprehensiveIncomeNetOfTax": "-115000000",
            "ebit": "337000000",
            "ebitda": "553000000",
            "netIncome": "25000000"
        },
        {
            "fiscalDateEnding": "2021-12-31",
            "reportedCurrency": "USD",
            "grossProfit": "1583000000",
            "totalRevenue": "4757000000",
            "costOfRevenue": "3529000000",
            "costofGoodsAndServicesSold": "3250000000",
            "operatingIncome": "727000000",
            "sellingGeneralAndAdministrative": "279000000",
            "researchAndDevelopment": "575000000",
            "operatingExpenses": "856000000",
            "investmentIncomeNet": "1000000",
            "netInterestIncome": "-76000000",
            "interestIncome": "1000000",
            "interestExpense": "76000000",
            "nonInterestIncome": "4833000000",
            "otherNonOperatingIncome": "-6000000",
            "depreciation": "None",
            "depreciationAndAmortization": "242000000",
            "incomeBeforeTax": "646000000",
            "incomeTaxExpense": "82000000",
            "interestAndDebtExpense": "76000000",
            "netIncomeFromContinuingOperations": "564000000",
            "comprehensiveIncomeNetOfTax": "514000000",
            "ebit": "722000000",
            "ebitda": "964000000",
            "netIncome": "564000000"
        },
        {
            "fiscalDateEnding": "2021-09-30",
            "reportedCurrency": "USD",
            "grossProfit": "1665000000",
            "totalRevenue": "4973000000",
            "costOfRevenue": "3942000000",
            "costofGoodsAndServicesSold": "3386000000",
            "operatingIncome": "778000000",
            "sellingGeneralAndAdministrative": "291000000",
            "researchAndDevelopment": "578000000",
            "operatingExpenses": "887000000",
            "investmentIncomeNet": "2000000",
            "netInterestIncome": "-78000000",
            "interestIncome": "2000000",
            "interestExpense": "78000000",
            "nonInterestIncome": "5051000000",
            "otherNonOperatingIncome": "2000000",
            "depreciation": "None",
            "depreciationAndAmortization": "250000000",
            "incomeBeforeTax": "704000000",
            "incomeTaxExpense": "94000000",
            "interestAndDebtExpense": "78000000",
            "netIncomeFromContinuingOperations": "610000000",
            "comprehensiveIncomeNetOfTax": "640000000",
            "ebit": "782000000",
            "ebitda": "1032000000",
            "netIncome": "610000000"
        },
        {
            "fiscalDateEnding": "2021-06-30",
            "reportedCurrency": "USD",
            "grossProfit": "1566000000",
            "totalRevenue": "4845000000",
            "costOfRevenue": "3930000000",
            "costofGoodsAndServicesSold": "3354000000",
            "operatingIncome": "675000000",
            "sellingGeneralAndAdministrative": "297000000",
            "researchAndDevelopment": "598000000",
            "operatingExpenses": "891000000",
            "investmentIncomeNet": "1000000",
            "netInterestIncome": "-80000000",
            "interestIncome": "1000000",
            "interestExpense": "80000000",
            "nonInterestIncome": "4925000000",
            "otherNonOperatingIncome": "0",
            "depreciation": "None",
            "depreciationAndAmortization": "251000000",
            "incomeBeforeTax": "596000000",
            "incomeTaxExpense": "-26000000",
            "interestAndDebtExpense": "80000000",
            "netIncomeFromContinuingOperations": "622000000",
            "comprehensiveIncomeNetOfTax": "635000000",
            "ebit": "676000000",
            "ebitda": "927000000",
            "netIncome": "622000000"
        },
        {
            "fiscalDateEnding": "2021-03-31",
            "reportedCurrency": "USD",
            "grossProfit": "1091000000",
            "totalRevenue": "4056000000",
            "costOfRevenue": "3333000000",
            "costofGoodsAndServicesSold": "3046000000",
            "operatingIncome": "317000000",
            "sellingGeneralAndAdministrative": "287000000",
            "researchAndDevelopment": "555000000",
            "operatingExpenses": "774000000",
            "investmentIncomeNet": "2000000",
            "netInterestIncome": "-81000000",
            "interestIncome": "2000000",
            "interestExpense": "81000000",
            "nonInterestIncome": "4137000000",
            "otherNonOperatingIncome": "11000000",
            "depreciation": "None",
            "depreciationAndAmortization": "251000000",
            "incomeBeforeTax": "249000000",
            "incomeTaxExpense": "52000000",
            "interestAndDebtExpense": "81000000",
            "netIncomeFromContinuingOperations": "197000000",
            "comprehensiveIncomeNetOfTax": "37000000",
            "ebit": "330000000",
            "ebitda": "581000000",
            "netIncome": "197000000"
        },
        {
            "fiscalDateEnding": "2020-12-31",
            "reportedCurrency": "USD",
            "grossProfit": "960000000",
            "totalRevenue": "3862000000",
            "costOfRevenue": "3248000000",
            "costofGoodsAndServicesSold": "2983000000",
            "operatingIncome": "158000000",
            "sellingGeneralAndAdministrative": "265000000",
            "researchAndDevelopment": "535000000",
            "operatingExpenses": "802000000",
            "investmentIncomeNet": "2000000",
            "netInterestIncome": "-81000000",
            "interestIncome": "2000000",
            "interestExpense": "81000000",
            "nonInterestIncome": "3943000000",
            "otherNonOperatingIncome": "6000000",
            "depreciation": "None",
            "depreciationAndAmortization": "336000000",
            "incomeBeforeTax": "85000000",
            "incomeTaxExpense": "23000000",
            "interestAndDebtExpense": "81000000",
            "netIncomeFromContinuingOperations": "62000000",
            "comprehensiveIncomeNetOfTax": "113000000",
            "ebit": "166000000",
            "ebitda": "502000000",
            "netIncome": "62000000"
        },
        {
            "fiscalDateEnding": "2020-09-30",
            "reportedCurrency": "USD",
            "grossProfit": "904000000",
            "totalRevenue": "3837000000",
            "costOfRevenue": "3671000000",
            "costofGoodsAndServicesSold": "3018000000",
            "operatingIncome": "70000000",
            "sellingGeneralAndAdministrative": "256000000",
            "researchAndDevelopment": "555000000",
            "operatingExpenses": "834000000",
            "investmentIncomeNet": "2000000",
            "netInterestIncome": "-84000000",
            "interestIncome": "2000000",
            "interestExpense": "84000000",
            "nonInterestIncome": "3921000000",
            "otherNonOperatingIncome": "9000000",
            "depreciation": "None",
            "depreciationAndAmortization": "374000000",
            "incomeBeforeTax": "-3000000",
            "incomeTaxExpense": "57000000",
            "interestAndDebtExpense": "84000000",
            "netIncomeFromContinuingOperations": "-60000000",
            "comprehensiveIncomeNetOfTax": "-4000000",
            "ebit": "81000000",
            "ebitda": "455000000",
            "netIncome": "-60000000"
        },
        {
            "fiscalDateEnding": "2020-06-30",
            "reportedCurrency": "USD",
            "grossProfit": "1083000000",
            "totalRevenue": "4198000000",
            "costOfRevenue": "3857000000",
            "costofGoodsAndServicesSold": "3204000000",
            "operatingIncome": "261000000",
            "sellingGeneralAndAdministrative": "269000000",
            "researchAndDevelopment": "546000000",
            "operatingExpenses": "822000000",
            "investmentIncomeNet": "2000000",
            "netInterestIncome": "-87000000",
            "interestIncome": "2000000",
            "interestExpense": "87000000",
            "nonInterestIncome": "4285000000",
            "otherNonOperatingIncome": "9000000",
            "depreciation": "None",
            "depreciationAndAmortization": "377000000",
            "incomeBeforeTax": "185000000",
            "incomeTaxExpense": "37000000",
            "interestAndDebtExpense": "87000000",
            "netIncomeFromContinuingOperations": "148000000",
            "comprehensiveIncomeNetOfTax": "174000000",
            "ebit": "272000000",
            "ebitda": "649000000",
            "netIncome": "148000000"
        },
        {
            "fiscalDateEnding": "2020-03-31",
            "reportedCurrency": "USD",
            "grossProfit": "1005000000",
            "totalRevenue": "4175000000",
            "costOfRevenue": "3459000000",
            "costofGoodsAndServicesSold": "3170000000",
            "operatingIncome": "153000000",
            "sellingGeneralAndAdministrative": "281000000",
            "researchAndDevelopment": "563000000",
            "operatingExpenses": "852000000",
            "investmentIncomeNet": "6000000",
            "netInterestIncome": "-99000000",
            "interestIncome": "6000000",
            "interestExpense": "99000000",
            "nonInterestIncome": "4175000000",
            "otherNonOperatingIncome": "-14000000",
            "depreciation": "None",
            "depreciationAndAmortization": "384000000",
            "incomeBeforeTax": "46000000",
            "incomeTaxExpense": "29000000",
            "interestAndDebtExpense": "99000000",
            "netIncomeFromContinuingOperations": "153000000",
            "comprehensiveIncomeNetOfTax": "-56000000",
            "ebit": "145000000",
            "ebitda": "529000000",
            "netIncome": "17000000"
        },
        {
            "fiscalDateEnding": "2019-12-31",
            "reportedCurrency": "USD",
            "grossProfit": "935000000",
            "totalRevenue": "4234000000",
            "costOfRevenue": "3623000000",
            "costofGoodsAndServicesSold": "3299000000",
            "operatingIncome": "50000000",
            "sellingGeneralAndAdministrative": "298000000",
            "researchAndDevelopment": "578000000",
            "operatingExpenses": "885000000",
            "investmentIncomeNet": "8000000",
            "netInterestIncome": "-105000000",
            "interestIncome": "8000000",
            "interestExpense": "105000000",
            "nonInterestIncome": "4234000000",
            "otherNonOperatingIncome": "7000000",
            "depreciation": "None",
            "depreciationAndAmortization": "399000000",
            "incomeBeforeTax": "-40000000",
            "incomeTaxExpense": "99000000",
            "interestAndDebtExpense": "105000000",
            "netIncomeFromContinuingOperations": "50000000",
            "comprehensiveIncomeNetOfTax": "-159000000",
            "ebit": "65000000",
            "ebitda": "464000000",
            "netIncome": "-139000000"
        },
        {
            "fiscalDateEnding": "2019-09-30",
            "reportedCurrency": "USD",
            "grossProfit": "758000000",
            "totalRevenue": "4040000000",
            "costOfRevenue": "3993000000",
            "costofGoodsAndServicesSold": "3282000000",
            "operatingIncome": "-129000000",
            "sellingGeneralAndAdministrative": "305000000",
            "researchAndDevelopment": "574000000",
            "operatingExpenses": "887000000",
            "investmentIncomeNet": "12000000",
            "netInterestIncome": "-122000000",
            "interestIncome": "12000000",
            "interestExpense": "122000000",
            "nonInterestIncome": "4040000000",
            "otherNonOperatingIncome": "2000000",
            "depreciation": "None",
            "depreciationAndAmortization": "406000000",
            "incomeBeforeTax": "-237000000",
            "incomeTaxExpense": "39000000",
            "interestAndDebtExpense": "122000000",
            "netIncomeFromContinuingOperations": "-129000000",
            "comprehensiveIncomeNetOfTax": "-298000000",
            "ebit": "-115000000",
            "ebitda": "291000000",
            "netIncome": "-276000000"
        },
        {
            "fiscalDateEnding": "2019-06-30",
            "reportedCurrency": "USD",
            "grossProfit": "465000000",
            "totalRevenue": "3634000000",
            "costOfRevenue": "3908000000",
            "costofGoodsAndServicesSold": "3169000000",
            "operatingIncome": "-381000000",
            "sellingGeneralAndAdministrative": "299000000",
            "researchAndDevelopment": "523000000",
            "operatingExpenses": "846000000",
            "investmentIncomeNet": "14000000",
            "netInterestIncome": "-117000000",
            "interestIncome": "14000000",
            "interestExpense": "117000000",
            "nonInterestIncome": "3634000000",
            "otherNonOperatingIncome": "10000000",
            "depreciation": "None",
            "depreciationAndAmortization": "416000000",
            "incomeBeforeTax": "-474000000",
            "incomeTaxExpense": "-277000000",
            "interestAndDebtExpense": "117000000",
            "netIncomeFromContinuingOperations": "-381000000",
            "comprehensiveIncomeNetOfTax": "-381000000",
            "ebit": "-357000000",
            "ebitda": "59000000",
            "netIncome": "-197000000"
        },
        {
            "fiscalDateEnding": "2019-03-31",
            "reportedCurrency": "USD",
            "grossProfit": "579000000",
            "totalRevenue": "3556000000",
            "costOfRevenue": "3524000000",
            "costofGoodsAndServicesSold": "3095000000",
            "operatingIncome": "-394000000",
            "sellingGeneralAndAdministrative": "353000000",
            "researchAndDevelopment": "544000000",
            "operatingExpenses": "973000000",
            "investmentIncomeNet": "13000000",
            "netInterestIncome": "-118000000",
            "interestIncome": "13000000",
            "interestExpense": "118000000",
            "nonInterestIncome": "3674000000",
            "otherNonOperatingIncome": "22000000",
            "depreciation": "None",
            "depreciationAndAmortization": "444000000",
            "incomeBeforeTax": "-477000000",
            "incomeTaxExpense": "104000000",
            "interestAndDebtExpense": "118000000",
            "netIncomeFromContinuingOperations": "-581000000",
            "comprehensiveIncomeNetOfTax": "-601000000",
            "ebit": "-359000000",
            "ebitda": "85000000",
            "netIncome": "-581000000"
        },
        {
            "fiscalDateEnding": "2018-12-31",
            "reportedCurrency": "USD",
            "grossProfit": "1044000000",
            "totalRevenue": "4115000000",
            "costOfRevenue": "3518000000",
            "costofGoodsAndServicesSold": "3189000000",
            "operatingIncome": "176000000",
            "sellingGeneralAndAdministrative": "309000000",
            "researchAndDevelopment": "539000000",
            "operatingExpenses": "868000000",
            "investmentIncomeNet": "15000000",
            "netInterestIncome": "-118000000",
            "interestIncome": "None",
            "interestExpense": "118000000",
            "nonInterestIncome": "4233000000",
            "otherNonOperatingIncome": "8000000",
            "depreciation": "None",
            "depreciationAndAmortization": "472000000",
            "incomeBeforeTax": "81000000",
            "incomeTaxExpense": "568000000",
            "interestAndDebtExpense": "118000000",
            "netIncomeFromContinuingOperations": "-487000000",
            "comprehensiveIncomeNetOfTax": "-446000000",
            "ebit": "199000000",
            "ebitda": "671000000",
            "netIncome": "-487000000"
        },
        {
            "fiscalDateEnding": "2018-09-30",
            "reportedCurrency": "USD",
            "grossProfit": "1664000000",
            "totalRevenue": "4910000000",
            "costOfRevenue": "4246000000",
            "costofGoodsAndServicesSold": "3364000000",
            "operatingIncome": "686000000",
            "sellingGeneralAndAdministrative": "356000000",
            "researchAndDevelopment": "576000000",
            "operatingExpenses": "978000000",
            "investmentIncomeNet": "15000000",
            "netInterestIncome": "-116000000",
            "interestIncome": "None",
            "interestExpense": "116000000",
            "nonInterestIncome": "5026000000",
            "otherNonOperatingIncome": "-2000000",
            "depreciation": "None",
            "depreciationAndAmortization": "480000000",
            "incomeBeforeTax": "583000000",
            "incomeTaxExpense": "72000000",
            "interestAndDebtExpense": "116000000",
            "netIncomeFromContinuingOperations": "511000000",
            "comprehensiveIncomeNetOfTax": "474000000",
            "ebit": "699000000",
            "ebitda": "1179000000",
            "netIncome": "511000000"
        },
        {
            "fiscalDateEnding": "2018-06-30",
            "reportedCurrency": "USD",
            "grossProfit": "1852000000",
            "totalRevenue": "5117000000",
            "costOfRevenue": "4186000000",
            "costofGoodsAndServicesSold": "3265000000",
            "operatingIncome": "843000000",
            "sellingGeneralAndAdministrative": "352000000",
            "researchAndDevelopment": "577000000",
            "operatingExpenses": "1009000000",
            "investmentIncomeNet": "14000000",
            "netInterestIncome": "-114000000",
            "interestIncome": "None",
            "interestExpense": "114000000",
            "nonInterestIncome": "5117000000",
            "otherNonOperatingIncome": "-14000000",
            "depreciation": "None",
            "depreciationAndAmortization": "489000000",
            "incomeBeforeTax": "729000000",
            "incomeTaxExpense": "-27000000",
            "interestAndDebtExpense": "117000000",
            "netIncomeFromContinuingOperations": "843000000",
            "comprehensiveIncomeNetOfTax": "843000000",
            "ebit": "843000000",
            "ebitda": "1332000000",
            "netIncome": "756000000"
        },
        {
            "fiscalDateEnding": "2018-03-31",
            "reportedCurrency": "USD",
            "grossProfit": "1927000000",
            "totalRevenue": "3959000000",
            "costOfRevenue": "3496000000",
            "costofGoodsAndServicesSold": "3086000000",
            "operatingIncome": "914000000",
            "sellingGeneralAndAdministrative": "376000000",
            "researchAndDevelopment": "602000000",
            "operatingExpenses": "1013000000",
            "investmentIncomeNet": "16000000",
            "netInterestIncome": "-160000000",
            "interestIncome": "None",
            "interestExpense": "160000000",
            "nonInterestIncome": "-894000000",
            "otherNonOperatingIncome": "-898000000",
            "depreciation": "None",
            "depreciationAndAmortization": "499000000",
            "incomeBeforeTax": "-128000000",
            "incomeTaxExpense": "-189000000",
            "interestAndDebtExpense": "1054000000",
            "netIncomeFromContinuingOperations": "61000000",
            "comprehensiveIncomeNetOfTax": "153000000",
            "ebit": "32000000",
            "ebitda": "531000000",
            "netIncome": "61000000"
        }
    ]
}