{
    "symbol": "WHR",
    "annualReports": [
        {
            "fiscalDateEnding": "2022-12-31",
            "reportedCurrency": "USD",
            "grossProfit": "3073000000",
            "totalRevenue": "17719000000",
            "costOfRevenue": "19351000000",
            "costofGoodsAndServicesSold": "16651000000",
            "operatingIncome": "-1056000000",
            "sellingGeneralAndAdministrative": "1820000000",
            "researchAndDevelopment": "465000000",
            "operatingExpenses": "4944000000",
            "investmentIncomeNet": "None",
            "netInterestIncome": "-190000000",
            "interestIncome": "171000000",
            "interestExpense": "190000000",
            "nonInterestIncome": "17909000000",
            "otherNonOperatingIncome": "None",
            "depreciation": "440000000",
            "depreciationAndAmortization": "475000000",
            "incomeBeforeTax": "-1254000000",
            "incomeTaxExpense": "265000000",
            "interestAndDebtExpense": "190000000",
            "netIncomeFromContinuingOperations": "-1511000000",
            "comprehensiveIncomeNetOfTax": "-1252000000",
            "ebit": "-1064000000",
            "ebitda": "-589000000",
            "netIncome": "-1519000000"
        },
        {
            "fiscalDateEnding": "2021-12-31",
            "reportedCurrency": "USD",
            "grossProfit": "4409000000",
            "totalRevenue": "21915000000",
            "costOfRevenue": "20189000000",
            "costofGoodsAndServicesSold": "17576000000",
            "operatingIncome": "2348000000",
            "sellingGeneralAndAdministrative": "2081000000",
            "researchAndDevelopment": "485000000",
            "operatingExpenses": "2953000000",
            "investmentIncomeNet": "None",
            "netInterestIncome": "-175000000",
            "interestIncome": "159000000",
            "interestExpense": "175000000",
            "nonInterestIncome": "22090000000",
            "otherNonOperatingIncome": "-8000000",
            "depreciation": "447000000",
            "depreciationAndAmortization": "494000000",
            "incomeBeforeTax": "2301000000",
            "incomeTaxExpense": "518000000",
            "interestAndDebtExpense": "175000000",
            "netIncomeFromContinuingOperations": "1814000000",
            "comprehensiveIncomeNetOfTax": "2237000000",
            "ebit": "2476000000",
            "ebitda": "2970000000",
            "netIncome": "1783000000"
        },
        {
            "fiscalDateEnding": "2020-12-31",
            "reportedCurrency": "USD",
            "grossProfit": "3842000000",
            "totalRevenue": "19274000000",
            "costOfRevenue": "18346000000",
            "costofGoodsAndServicesSold": "15614000000",
            "operatingIncome": "1615000000",
            "sellingGeneralAndAdministrative": "1877000000",
            "researchAndDevelopment": "455000000",
            "operatingExpenses": "3120000000",
            "investmentIncomeNet": "None",
            "netInterestIncome": "-189000000",
            "interestIncome": "21000000",
            "interestExpense": "189000000",
            "nonInterestIncome": "19463000000",
            "otherNonOperatingIncome": "None",
            "depreciation": "506000000",
            "depreciationAndAmortization": "568000000",
            "incomeBeforeTax": "1457000000",
            "incomeTaxExpense": "382000000",
            "interestAndDebtExpense": "189000000",
            "netIncomeFromContinuingOperations": "1071000000",
            "comprehensiveIncomeNetOfTax": "882000000",
            "ebit": "1646000000",
            "ebitda": "2214000000",
            "netIncome": "1075000000"
        },
        {
            "fiscalDateEnding": "2019-12-31",
            "reportedCurrency": "USD",
            "grossProfit": "3511000000",
            "totalRevenue": "20669000000",
            "costOfRevenue": "19803000000",
            "costofGoodsAndServicesSold": "16908000000",
            "operatingIncome": "1549000000",
            "sellingGeneralAndAdministrative": "2142000000",
            "researchAndDevelopment": "541000000",
            "operatingExpenses": "3089000000",
            "investmentIncomeNet": "None",
            "netInterestIncome": "-187000000",
            "interestIncome": "168000000",
            "interestExpense": "187000000",
            "nonInterestIncome": "20856000000",
            "otherNonOperatingIncome": "168000000",
            "depreciation": "518000000",
            "depreciationAndAmortization": "587000000",
            "incomeBeforeTax": "1516000000",
            "incomeTaxExpense": "348000000",
            "interestAndDebtExpense": "187000000",
            "netIncomeFromContinuingOperations": "1198000000",
            "comprehensiveIncomeNetOfTax": "1245000000",
            "ebit": "1703000000",
            "ebitda": "2290000000",
            "netIncome": "1168000000"
        },
        {
            "fiscalDateEnding": "2018-12-31",
            "reportedCurrency": "USD",
            "grossProfit": "3537000000",
            "totalRevenue": "20845000000",
            "costOfRevenue": "21328000000",
            "costofGoodsAndServicesSold": "17500000000",
            "operatingIncome": "279000000",
            "sellingGeneralAndAdministrative": "2189000000",
            "researchAndDevelopment": "572000000",
            "operatingExpenses": "4400000000",
            "investmentIncomeNet": "None",
            "netInterestIncome": "-192000000",
            "interestIncome": "108000000",
            "interestExpense": "192000000",
            "nonInterestIncome": "21037000000",
            "otherNonOperatingIncome": "-108000000",
            "depreciation": "570000000",
            "depreciationAndAmortization": "645000000",
            "incomeBeforeTax": "-45000000",
            "incomeTaxExpense": "138000000",
            "interestAndDebtExpense": "192000000",
            "netIncomeFromContinuingOperations": "-159000000",
            "comprehensiveIncomeNetOfTax": "-530000000",
            "ebit": "147000000",
            "ebitda": "792000000",
            "netIncome": "-183000000"
        }
    ],
    "quarterlyReports": [
        {
            "fiscalDateEnding": "2023-03-31",
            "reportedCurrency": "USD",
            "grossProfit": "763000000",
            "totalRevenue": "4352000000",
            "costOfRevenue": "4462000000",
            "costofGoodsAndServicesSold": "3886000000",
            "operatingIncome": "43000000",
            "sellingGeneralAndAdministrative": "487000000",
            "researchAndDevelopment": "None",
            "operatingExpenses": "798000000",
            "investmentIncomeNet": "None",
            "netInterestIncome": "-75000000",
            "interestIncome": "152000000",
            "interestExpense": "75000000",
            "nonInterestIncome": "4427000000",
            "otherNonOperatingIncome": "-76000000",
            "depreciation": "None",
            "depreciationAndAmortization": "89000000",
            "incomeBeforeTax": "-111000000",
            "incomeTaxExpense": "68000000",
            "interestAndDebtExpense": "75000000",
            "netIncomeFromContinuingOperations": "-177000000",
            "comprehensiveIncomeNetOfTax": "-180000000",
            "ebit": "-36000000",
            "ebitda": "53000000",
            "netIncome": "-179000000"
        },
        {
            "fiscalDateEnding": "2022-12-31",
            "reportedCurrency": "USD",
            "grossProfit": "645000000",
            "totalRevenue": "3337000000",
            "costOfRevenue": "4954000000",
            "costofGoodsAndServicesSold": "4278000000",
            "operatingIncome": "-1432000000",
            "sellingGeneralAndAdministrative": "537000000",
            "researchAndDevelopment": "None",
            "operatingExpenses": "2627000000",
            "investmentIncomeNet": "None",
            "netInterestIncome": "-64000000",
            "interestIncome": "91000000",
            "interestExpense": "64000000",
            "nonInterestIncome": "3401000000",
            "otherNonOperatingIncome": "-39000000",
            "depreciation": "None",
            "depreciationAndAmortization": "131000000",
            "incomeBeforeTax": "-1535000000",
            "incomeTaxExpense": "69000000",
            "interestAndDebtExpense": "64000000",
            "netIncomeFromContinuingOperations": "-1610000000",
            "comprehensiveIncomeNetOfTax": "-1755000000",
            "ebit": "-1471000000",
            "ebitda": "-1340000000",
            "netIncome": "-1604000000"
        },
        {
            "fiscalDateEnding": "2022-09-30",
            "reportedCurrency": "USD",
            "grossProfit": "680000000",
            "totalRevenue": "4742000000",
            "costOfRevenue": "4561000000",
            "costofGoodsAndServicesSold": "4104000000",
            "operatingIncome": "221000000",
            "sellingGeneralAndAdministrative": "446000000",
            "researchAndDevelopment": "None",
            "operatingExpenses": "459000000",
            "investmentIncomeNet": "None",
            "netInterestIncome": "-40000000",
            "interestIncome": "19000000",
            "interestExpense": "40000000",
            "nonInterestIncome": "4782000000",
            "otherNonOperatingIncome": "17000000",
            "depreciation": "None",
            "depreciationAndAmortization": "118000000",
            "incomeBeforeTax": "196000000",
            "incomeTaxExpense": "53000000",
            "interestAndDebtExpense": "40000000",
            "netIncomeFromContinuingOperations": "147000000",
            "comprehensiveIncomeNetOfTax": "294000000",
            "ebit": "236000000",
            "ebitda": "354000000",
            "netIncome": "143000000"
        },
        {
            "fiscalDateEnding": "2022-06-30",
            "reportedCurrency": "USD",
            "grossProfit": "897000000",
            "totalRevenue": "4706000000",
            "costOfRevenue": "5057000000",
            "costofGoodsAndServicesSold": "4200000000",
            "operatingIncome": "-306000000",
            "sellingGeneralAndAdministrative": "461000000",
            "researchAndDevelopment": "None",
            "operatingExpenses": "1203000000",
            "investmentIncomeNet": "None",
            "netInterestIncome": "-45000000",
            "interestIncome": "19000000",
            "interestExpense": "45000000",
            "nonInterestIncome": "4751000000",
            "otherNonOperatingIncome": "20000000",
            "depreciation": "None",
            "depreciationAndAmortization": "114000000",
            "incomeBeforeTax": "-334000000",
            "incomeTaxExpense": "37000000",
            "interestAndDebtExpense": "45000000",
            "netIncomeFromContinuingOperations": "-369000000",
            "comprehensiveIncomeNetOfTax": "-162000000",
            "ebit": "-289000000",
            "ebitda": "-175000000",
            "netIncome": "-371000000"
        },
        {
            "fiscalDateEnding": "2022-03-31",
            "reportedCurrency": "USD",
            "grossProfit": "851000000",
            "totalRevenue": "4936000000",
            "costOfRevenue": "4562000000",
            "costofGoodsAndServicesSold": "4069000000",
            "operatingIncome": "461000000",
            "sellingGeneralAndAdministrative": "376000000",
            "researchAndDevelopment": "None",
            "operatingExpenses": "400000000",
            "investmentIncomeNet": "None",
            "netInterestIncome": "-41000000",
            "interestIncome": "7000000",
            "interestExpense": "41000000",
            "nonInterestIncome": "4977000000",
            "otherNonOperatingIncome": "2000000",
            "depreciation": "None",
            "depreciationAndAmortization": "112000000",
            "incomeBeforeTax": "419000000",
            "incomeTaxExpense": "106000000",
            "interestAndDebtExpense": "41000000",
            "netIncomeFromContinuingOperations": "321000000",
            "comprehensiveIncomeNetOfTax": "371000000",
            "ebit": "460000000",
            "ebitda": "572000000",
            "netIncome": "313000000"
        },
        {
            "fiscalDateEnding": "2021-12-31",
            "reportedCurrency": "USD",
            "grossProfit": "1062000000",
            "totalRevenue": "5774000000",
            "costOfRevenue": "5427000000",
            "costofGoodsAndServicesSold": "4753000000",
            "operatingIncome": "494000000",
            "sellingGeneralAndAdministrative": "555000000",
            "researchAndDevelopment": "None",
            "operatingExpenses": "1119000000",
            "investmentIncomeNet": "None",
            "netInterestIncome": "-41000000",
            "interestIncome": "18000000",
            "interestExpense": "41000000",
            "nonInterestIncome": "5815000000",
            "otherNonOperatingIncome": "-148000000",
            "depreciation": "None",
            "depreciationAndAmortization": "116000000",
            "incomeBeforeTax": "463000000",
            "incomeTaxExpense": "165000000",
            "interestAndDebtExpense": "41000000",
            "netIncomeFromContinuingOperations": "308000000",
            "comprehensiveIncomeNetOfTax": "353000000",
            "ebit": "504000000",
            "ebitda": "620000000",
            "netIncome": "298000000"
        },
        {
            "fiscalDateEnding": "2021-09-30",
            "reportedCurrency": "USD",
            "grossProfit": "1108000000",
            "totalRevenue": "5429000000",
            "costOfRevenue": "4921000000",
            "costofGoodsAndServicesSold": "4380000000",
            "operatingIncome": "552000000",
            "sellingGeneralAndAdministrative": "524000000",
            "researchAndDevelopment": "None",
            "operatingExpenses": "556000000",
            "investmentIncomeNet": "None",
            "netInterestIncome": "-44000000",
            "interestIncome": "78000000",
            "interestExpense": "44000000",
            "nonInterestIncome": "5473000000",
            "otherNonOperatingIncome": "78000000",
            "depreciation": "None",
            "depreciationAndAmortization": "119000000",
            "incomeBeforeTax": "571000000",
            "incomeTaxExpense": "100000000",
            "interestAndDebtExpense": "44000000",
            "netIncomeFromContinuingOperations": "486000000",
            "comprehensiveIncomeNetOfTax": "517000000",
            "ebit": "615000000",
            "ebitda": "734000000",
            "netIncome": "471000000"
        },
        {
            "fiscalDateEnding": "2021-06-30",
            "reportedCurrency": "USD",
            "grossProfit": "1090000000",
            "totalRevenue": "5399000000",
            "costOfRevenue": "4761000000",
            "costofGoodsAndServicesSold": "4234000000",
            "operatingIncome": "683000000",
            "sellingGeneralAndAdministrative": "509000000",
            "researchAndDevelopment": "None",
            "operatingExpenses": "407000000",
            "investmentIncomeNet": "None",
            "netInterestIncome": "-45000000",
            "interestIncome": "9000000",
            "interestExpense": "45000000",
            "nonInterestIncome": "5444000000",
            "otherNonOperatingIncome": "36000000",
            "depreciation": "None",
            "depreciationAndAmortization": "118000000",
            "incomeBeforeTax": "675000000",
            "incomeTaxExpense": "94000000",
            "interestAndDebtExpense": "45000000",
            "netIncomeFromContinuingOperations": "580000000",
            "comprehensiveIncomeNetOfTax": "810000000",
            "ebit": "720000000",
            "ebitda": "838000000",
            "netIncome": "581000000"
        },
        {
            "fiscalDateEnding": "2021-03-31",
            "reportedCurrency": "USD",
            "grossProfit": "1148000000",
            "totalRevenue": "5313000000",
            "costOfRevenue": "4864000000",
            "costofGoodsAndServicesSold": "4210000000",
            "operatingIncome": "618000000",
            "sellingGeneralAndAdministrative": "493000000",
            "researchAndDevelopment": "None",
            "operatingExpenses": "654000000",
            "investmentIncomeNet": "None",
            "netInterestIncome": "-45000000",
            "interestIncome": "19000000",
            "interestExpense": "45000000",
            "nonInterestIncome": "5358000000",
            "otherNonOperatingIncome": "26000000",
            "depreciation": "None",
            "depreciationAndAmortization": "141000000",
            "incomeBeforeTax": "592000000",
            "incomeTaxExpense": "159000000",
            "interestAndDebtExpense": "45000000",
            "netIncomeFromContinuingOperations": "440000000",
            "comprehensiveIncomeNetOfTax": "557000000",
            "ebit": "637000000",
            "ebitda": "778000000",
            "netIncome": "433000000"
        },
        {
            "fiscalDateEnding": "2020-12-31",
            "reportedCurrency": "USD",
            "grossProfit": "1364000000",
            "totalRevenue": "5798000000",
            "costOfRevenue": "4434000000",
            "costofGoodsAndServicesSold": "4434000000",
            "operatingIncome": "716000000",
            "sellingGeneralAndAdministrative": "523000000",
            "researchAndDevelopment": "None",
            "operatingExpenses": "-89000000",
            "investmentIncomeNet": "None",
            "netInterestIncome": "-47000000",
            "interestIncome": "63000000",
            "interestExpense": "47000000",
            "nonInterestIncome": "5798000000",
            "otherNonOperatingIncome": "None",
            "depreciation": "None",
            "depreciationAndAmortization": "154000000",
            "incomeBeforeTax": "648000000",
            "incomeTaxExpense": "151000000",
            "interestAndDebtExpense": "47000000",
            "netIncomeFromContinuingOperations": "699000000",
            "comprehensiveIncomeNetOfTax": "432000000",
            "ebit": "695000000",
            "ebitda": "849000000",
            "netIncome": "497000000"
        },
        {
            "fiscalDateEnding": "2020-09-30",
            "reportedCurrency": "USD",
            "grossProfit": "1148000000",
            "totalRevenue": "5247000000",
            "costOfRevenue": "4728000000",
            "costofGoodsAndServicesSold": "4143000000",
            "operatingIncome": "563000000",
            "sellingGeneralAndAdministrative": "513000000",
            "researchAndDevelopment": "None",
            "operatingExpenses": "585000000",
            "investmentIncomeNet": "None",
            "netInterestIncome": "-51000000",
            "interestIncome": "29000000",
            "interestExpense": "51000000",
            "nonInterestIncome": "5298000000",
            "otherNonOperatingIncome": "22000000",
            "depreciation": "None",
            "depreciationAndAmortization": "146000000",
            "incomeBeforeTax": "533000000",
            "incomeTaxExpense": "141000000",
            "interestAndDebtExpense": "51000000",
            "netIncomeFromContinuingOperations": "398000000",
            "comprehensiveIncomeNetOfTax": "374000000",
            "ebit": "584000000",
            "ebitda": "730000000",
            "netIncome": "392000000"
        },
        {
            "fiscalDateEnding": "2020-06-30",
            "reportedCurrency": "USD",
            "grossProfit": "625000000",
            "totalRevenue": "3993000000",
            "costOfRevenue": "3965000000",
            "costofGoodsAndServicesSold": "3417000000",
            "operatingIncome": "71000000",
            "sellingGeneralAndAdministrative": "421000000",
            "researchAndDevelopment": "None",
            "operatingExpenses": "554000000",
            "investmentIncomeNet": "None",
            "netInterestIncome": "-49000000",
            "interestIncome": "15000000",
            "interestExpense": "49000000",
            "nonInterestIncome": "4042000000",
            "otherNonOperatingIncome": "15000000",
            "depreciation": "None",
            "depreciationAndAmortization": "133000000",
            "incomeBeforeTax": "47000000",
            "incomeTaxExpense": "17000000",
            "interestAndDebtExpense": "49000000",
            "netIncomeFromContinuingOperations": "25000000",
            "comprehensiveIncomeNetOfTax": "19000000",
            "ebit": "96000000",
            "ebitda": "229000000",
            "netIncome": "30000000"
        },
        {
            "fiscalDateEnding": "2020-03-31",
            "reportedCurrency": "USD",
            "grossProfit": "703000000",
            "totalRevenue": "4283000000",
            "costOfRevenue": "4185000000",
            "costofGoodsAndServicesSold": "3622000000",
            "operatingIncome": "263000000",
            "sellingGeneralAndAdministrative": "420000000",
            "researchAndDevelopment": "None",
            "operatingExpenses": "560000000",
            "investmentIncomeNet": "None",
            "netInterestIncome": "-42000000",
            "interestIncome": "1000000",
            "interestExpense": "42000000",
            "nonInterestIncome": "4325000000",
            "otherNonOperatingIncome": "1000000",
            "depreciation": "None",
            "depreciationAndAmortization": "135000000",
            "incomeBeforeTax": "227000000",
            "incomeTaxExpense": "73000000",
            "interestAndDebtExpense": "42000000",
            "netIncomeFromContinuingOperations": "147000000",
            "comprehensiveIncomeNetOfTax": "57000000",
            "ebit": "269000000",
            "ebitda": "404000000",
            "netIncome": "154000000"
        },
        {
            "fiscalDateEnding": "2019-12-31",
            "reportedCurrency": "USD",
            "grossProfit": "1048000000",
            "totalRevenue": "5382000000",
            "costOfRevenue": "4334000000",
            "costofGoodsAndServicesSold": "4334000000",
            "operatingIncome": "424000000",
            "sellingGeneralAndAdministrative": "562000000",
            "researchAndDevelopment": "None",
            "operatingExpenses": "-88000000",
            "investmentIncomeNet": "None",
            "netInterestIncome": "-39000000",
            "interestIncome": "54000000",
            "interestExpense": "39000000",
            "nonInterestIncome": "5382000000",
            "otherNonOperatingIncome": "-54000000",
            "depreciation": "None",
            "depreciationAndAmortization": "144000000",
            "incomeBeforeTax": "325000000",
            "incomeTaxExpense": "37000000",
            "interestAndDebtExpense": "39000000",
            "netIncomeFromContinuingOperations": "370000000",
            "comprehensiveIncomeNetOfTax": "257000000",
            "ebit": "364000000",
            "ebitda": "508000000",
            "netIncome": "288000000"
        },
        {
            "fiscalDateEnding": "2019-09-30",
            "reportedCurrency": "USD",
            "grossProfit": "741000000",
            "totalRevenue": "5562000000",
            "costOfRevenue": "4914000000",
            "costofGoodsAndServicesSold": "4350000000",
            "operatingIncome": "693000000",
            "sellingGeneralAndAdministrative": "491000000",
            "researchAndDevelopment": "None",
            "operatingExpenses": "48000000",
            "investmentIncomeNet": "None",
            "netInterestIncome": "-45000000",
            "interestIncome": "29000000",
            "interestExpense": "45000000",
            "nonInterestIncome": "5607000000",
            "otherNonOperatingIncome": "29000000",
            "depreciation": "None",
            "depreciationAndAmortization": "141000000",
            "incomeBeforeTax": "671000000",
            "incomeTaxExpense": "313000000",
            "interestAndDebtExpense": "45000000",
            "netIncomeFromContinuingOperations": "364000000",
            "comprehensiveIncomeNetOfTax": "413000000",
            "ebit": "716000000",
            "ebitda": "857000000",
            "netIncome": "358000000"
        },
        {
            "fiscalDateEnding": "2019-06-30",
            "reportedCurrency": "USD",
            "grossProfit": "932000000",
            "totalRevenue": "5055000000",
            "costOfRevenue": "4916000000",
            "costofGoodsAndServicesSold": "4254000000",
            "operatingIncome": "191000000",
            "sellingGeneralAndAdministrative": "584000000",
            "researchAndDevelopment": "None",
            "operatingExpenses": "741000000",
            "investmentIncomeNet": "None",
            "netInterestIncome": "-52000000",
            "interestIncome": "63000000",
            "interestExpense": "52000000",
            "nonInterestIncome": "5107000000",
            "otherNonOperatingIncome": "63000000",
            "depreciation": "None",
            "depreciationAndAmortization": "160000000",
            "incomeBeforeTax": "197000000",
            "incomeTaxExpense": "130000000",
            "interestAndDebtExpense": "52000000",
            "netIncomeFromContinuingOperations": "72000000",
            "comprehensiveIncomeNetOfTax": "11000000",
            "ebit": "249000000",
            "ebitda": "409000000",
            "netIncome": "67000000"
        },
        {
            "fiscalDateEnding": "2019-03-31",
            "reportedCurrency": "USD",
            "grossProfit": "812000000",
            "totalRevenue": "4709000000",
            "costOfRevenue": "4621000000",
            "costofGoodsAndServicesSold": "3948000000",
            "operatingIncome": "263000000",
            "sellingGeneralAndAdministrative": "505000000",
            "researchAndDevelopment": "None",
            "operatingExpenses": "673000000",
            "investmentIncomeNet": "None",
            "netInterestIncome": "-51000000",
            "interestIncome": "130000000",
            "interestExpense": "51000000",
            "nonInterestIncome": "4760000000",
            "otherNonOperatingIncome": "130000000",
            "depreciation": "None",
            "depreciationAndAmortization": "142000000",
            "incomeBeforeTax": "339000000",
            "incomeTaxExpense": "-132000000",
            "interestAndDebtExpense": "51000000",
            "netIncomeFromContinuingOperations": "474000000",
            "comprehensiveIncomeNetOfTax": "564000000",
            "ebit": "390000000",
            "ebitda": "532000000",
            "netIncome": "471000000"
        },
        {
            "fiscalDateEnding": "2018-12-31",
            "reportedCurrency": "USD",
            "grossProfit": "950000000",
            "totalRevenue": "5660000000",
            "costOfRevenue": "4710000000",
            "costofGoodsAndServicesSold": "4710000000",
            "operatingIncome": "309000000",
            "sellingGeneralAndAdministrative": "593000000",
            "researchAndDevelopment": "572000000",
            "operatingExpenses": "1377000000",
            "investmentIncomeNet": "None",
            "netInterestIncome": "-51000000",
            "interestIncome": "None",
            "interestExpense": "51000000",
            "nonInterestIncome": "5660000000",
            "otherNonOperatingIncome": "-2000000",
            "depreciation": "None",
            "depreciationAndAmortization": "154000000",
            "incomeBeforeTax": "256000000",
            "incomeTaxExpense": "86000000",
            "interestAndDebtExpense": "51000000",
            "netIncomeFromContinuingOperations": "307000000",
            "comprehensiveIncomeNetOfTax": "67000000",
            "ebit": "307000000",
            "ebitda": "461000000",
            "netIncome": "170000000"
        },
        {
            "fiscalDateEnding": "2018-09-30",
            "reportedCurrency": "USD",
            "grossProfit": "895000000",
            "totalRevenue": "5274000000",
            "costOfRevenue": "5027000000",
            "costofGoodsAndServicesSold": "4431000000",
            "operatingIncome": "299000000",
            "sellingGeneralAndAdministrative": "550000000",
            "researchAndDevelopment": "None",
            "operatingExpenses": "596000000",
            "investmentIncomeNet": "None",
            "netInterestIncome": "-52000000",
            "interestIncome": "None",
            "interestExpense": "52000000",
            "nonInterestIncome": "5326000000",
            "otherNonOperatingIncome": "-24000000",
            "depreciation": "None",
            "depreciationAndAmortization": "152000000",
            "incomeBeforeTax": "217000000",
            "incomeTaxExpense": "7000000",
            "interestAndDebtExpense": "52000000",
            "netIncomeFromContinuingOperations": "216000000",
            "comprehensiveIncomeNetOfTax": "124000000",
            "ebit": "269000000",
            "ebitda": "421000000",
            "netIncome": "210000000"
        },
        {
            "fiscalDateEnding": "2018-06-30",
            "reportedCurrency": "USD",
            "grossProfit": "880000000",
            "totalRevenue": "5093000000",
            "costOfRevenue": "5612000000",
            "costofGoodsAndServicesSold": "4260000000",
            "operatingIncome": "-472000000",
            "sellingGeneralAndAdministrative": "541000000",
            "researchAndDevelopment": "None",
            "operatingExpenses": "1352000000",
            "investmentIncomeNet": "None",
            "netInterestIncome": "-47000000",
            "interestIncome": "None",
            "interestExpense": "47000000",
            "nonInterestIncome": "5140000000",
            "otherNonOperatingIncome": "-90000000",
            "depreciation": "None",
            "depreciationAndAmortization": "162000000",
            "incomeBeforeTax": "-627000000",
            "incomeTaxExpense": "30000000",
            "interestAndDebtExpense": "47000000",
            "netIncomeFromContinuingOperations": "-639000000",
            "comprehensiveIncomeNetOfTax": "-820000000",
            "ebit": "-580000000",
            "ebitda": "-418000000",
            "netIncome": "-657000000"
        }
    ]
}