{
    "symbol": "WST",
    "annualReports": [
        {
            "fiscalDateEnding": "2022-12-31",
            "reportedCurrency": "USD",
            "grossProfit": "1136200000",
            "totalRevenue": "2886900000",
            "costOfRevenue": "1750700000",
            "costofGoodsAndServicesSold": "1750700000",
            "operatingIncome": "734000000",
            "sellingGeneralAndAdministrative": "316900000",
            "researchAndDevelopment": "58500000",
            "operatingExpenses": "353400000",
            "investmentIncomeNet": "5100000",
            "netInterestIncome": "-7900000",
            "interestIncome": "2800000",
            "interestExpense": "7900000",
            "nonInterestIncome": "2889800000",
            "otherNonOperatingIncome": "-51300000",
            "depreciation": "116900000",
            "depreciationAndAmortization": "3700000",
            "incomeBeforeTax": "700600000",
            "incomeTaxExpense": "114700000",
            "interestAndDebtExpense": "7900000",
            "netIncomeFromContinuingOperations": "585900000",
            "comprehensiveIncomeNetOfTax": "562500000",
            "ebit": "708500000",
            "ebitda": "712200000",
            "netIncome": "585900000"
        },
        {
            "fiscalDateEnding": "2021-12-31",
            "reportedCurrency": "USD",
            "grossProfit": "1175800000",
            "totalRevenue": "2831600000",
            "costOfRevenue": "1655800000",
            "costofGoodsAndServicesSold": "1655800000",
            "operatingIncome": "752300000",
            "sellingGeneralAndAdministrative": "362800000",
            "researchAndDevelopment": "52800000",
            "operatingExpenses": "424500000",
            "investmentIncomeNet": "1000000",
            "netInterestIncome": "-8200000",
            "interestIncome": "7200000",
            "interestExpense": "8200000",
            "nonInterestIncome": "2831700000",
            "otherNonOperatingIncome": "3800000",
            "depreciation": "116900000",
            "depreciationAndAmortization": "5400000",
            "incomeBeforeTax": "769000000",
            "incomeTaxExpense": "107200000",
            "interestAndDebtExpense": "8200000",
            "netIncomeFromContinuingOperations": "661800000",
            "comprehensiveIncomeNetOfTax": "612800000",
            "ebit": "777200000",
            "ebitda": "782600000",
            "netIncome": "661800000"
        },
        {
            "fiscalDateEnding": "2020-12-31",
            "reportedCurrency": "USD",
            "grossProfit": "767800000",
            "totalRevenue": "2146900000",
            "costOfRevenue": "1379100000",
            "costofGoodsAndServicesSold": "1379100000",
            "operatingIncome": "406900000",
            "sellingGeneralAndAdministrative": "302000000",
            "researchAndDevelopment": "46900000",
            "operatingExpenses": "365600000",
            "investmentIncomeNet": "1400000",
            "netInterestIncome": "-8200000",
            "interestIncome": "6800000",
            "interestExpense": "8200000",
            "nonInterestIncome": "2140700000",
            "otherNonOperatingIncome": "1200000",
            "depreciation": "104700000",
            "depreciationAndAmortization": "4400000",
            "incomeBeforeTax": "418700000",
            "incomeTaxExpense": "72500000",
            "interestAndDebtExpense": "8200000",
            "netIncomeFromContinuingOperations": "346200000",
            "comprehensiveIncomeNetOfTax": "385200000",
            "ebit": "426900000",
            "ebitda": "431300000",
            "netIncome": "346200000"
        },
        {
            "fiscalDateEnding": "2019-12-31",
            "reportedCurrency": "USD",
            "grossProfit": "605700000",
            "totalRevenue": "1839900000",
            "costOfRevenue": "1234200000",
            "costofGoodsAndServicesSold": "1234200000",
            "operatingIncome": "296600000",
            "sellingGeneralAndAdministrative": "272700000",
            "researchAndDevelopment": "38900000",
            "operatingExpenses": "318000000",
            "investmentIncomeNet": "3800000",
            "netInterestIncome": "-8500000",
            "interestIncome": "3800000",
            "interestExpense": "8500000",
            "nonInterestIncome": "3800000",
            "otherNonOperatingIncome": "-100000",
            "depreciation": "100000000",
            "depreciationAndAmortization": "3400000",
            "incomeBeforeTax": "300700000",
            "incomeTaxExpense": "59000000",
            "interestAndDebtExpense": "8500000",
            "netIncomeFromContinuingOperations": "241700000",
            "comprehensiveIncomeNetOfTax": "246300000",
            "ebit": "309200000",
            "ebitda": "312600000",
            "netIncome": "241700000"
        },
        {
            "fiscalDateEnding": "2018-12-31",
            "reportedCurrency": "USD",
            "grossProfit": "545400000",
            "totalRevenue": "1717400000",
            "costOfRevenue": "1172000000",
            "costofGoodsAndServicesSold": "1172000000",
            "operatingIncome": "240300000",
            "sellingGeneralAndAdministrative": "262900000",
            "researchAndDevelopment": "40300000",
            "operatingExpenses": "316800000",
            "investmentIncomeNet": "2100000",
            "netInterestIncome": "-8400000",
            "interestIncome": "2100000",
            "interestExpense": "8400000",
            "nonInterestIncome": "-1800000",
            "otherNonOperatingIncome": "6700000",
            "depreciation": "101700000",
            "depreciationAndAmortization": "2700000",
            "incomeBeforeTax": "248300000",
            "incomeTaxExpense": "41400000",
            "interestAndDebtExpense": "8400000",
            "netIncomeFromContinuingOperations": "206900000",
            "comprehensiveIncomeNetOfTax": "170000000",
            "ebit": "256700000",
            "ebitda": "259400000",
            "netIncome": "206900000"
        }
    ],
    "quarterlyReports": [
        {
            "fiscalDateEnding": "2023-03-31",
            "reportedCurrency": "USD",
            "grossProfit": "271300000",
            "totalRevenue": "716600000",
            "costOfRevenue": "445300000",
            "costofGoodsAndServicesSold": "445300000",
            "operatingIncome": "155300000",
            "sellingGeneralAndAdministrative": "86000000",
            "researchAndDevelopment": "17100000",
            "operatingExpenses": "114400000",
            "investmentIncomeNet": "4800000",
            "netInterestIncome": "-2200000",
            "interestIncome": "4800000",
            "interestExpense": "2200000",
            "nonInterestIncome": "715100000",
            "otherNonOperatingIncome": "10500000",
            "depreciation": "30700000",
            "depreciationAndAmortization": "None",
            "incomeBeforeTax": "163600000",
            "incomeTaxExpense": "23600000",
            "interestAndDebtExpense": "2200000",
            "netIncomeFromContinuingOperations": "140000000",
            "comprehensiveIncomeNetOfTax": "154600000",
            "ebit": "165800000",
            "ebitda": "186900000",
            "netIncome": "140000000"
        },
        {
            "fiscalDateEnding": "2022-12-31",
            "reportedCurrency": "USD",
            "grossProfit": "262100000",
            "totalRevenue": "710300000",
            "costOfRevenue": "456800000",
            "costofGoodsAndServicesSold": "446600000",
            "operatingIncome": "129700000",
            "sellingGeneralAndAdministrative": "85700000",
            "researchAndDevelopment": "15900000",
            "operatingExpenses": "28800000",
            "investmentIncomeNet": "2900000",
            "netInterestIncome": "-1700000",
            "interestIncome": "1200000",
            "interestExpense": "1700000",
            "nonInterestIncome": "707000000",
            "otherNonOperatingIncome": "-2200000",
            "depreciation": "30100000",
            "depreciationAndAmortization": "34500000",
            "incomeBeforeTax": "131900000",
            "incomeTaxExpense": "28900000",
            "interestAndDebtExpense": "1700000",
            "netIncomeFromContinuingOperations": "103000000",
            "comprehensiveIncomeNetOfTax": "228500000",
            "ebit": "133600000",
            "ebitda": "164200000",
            "netIncome": "103000000"
        },
        {
            "fiscalDateEnding": "2022-09-30",
            "reportedCurrency": "USD",
            "grossProfit": "268000000",
            "totalRevenue": "686900000",
            "costOfRevenue": "534800000",
            "costofGoodsAndServicesSold": "418900000",
            "operatingIncome": "186200000",
            "sellingGeneralAndAdministrative": "66300000",
            "researchAndDevelopment": "13600000",
            "operatingExpenses": "129500000",
            "investmentIncomeNet": "1500000",
            "netInterestIncome": "-2200000",
            "interestIncome": "700000",
            "interestExpense": "2200000",
            "nonInterestIncome": "689100000",
            "otherNonOperatingIncome": "-49300000",
            "depreciation": "28900000",
            "depreciationAndAmortization": "33900000",
            "incomeBeforeTax": "141000000",
            "incomeTaxExpense": "20400000",
            "interestAndDebtExpense": "2200000",
            "netIncomeFromContinuingOperations": "120600000",
            "comprehensiveIncomeNetOfTax": "58000000",
            "ebit": "143200000",
            "ebitda": "173000000",
            "netIncome": "120600000"
        },
        {
            "fiscalDateEnding": "2022-06-30",
            "reportedCurrency": "USD",
            "grossProfit": "321500000",
            "totalRevenue": "770800000",
            "costOfRevenue": "531900000",
            "costofGoodsAndServicesSold": "449800000",
            "operatingIncome": "228400000",
            "sellingGeneralAndAdministrative": "81500000",
            "researchAndDevelopment": "14400000",
            "operatingExpenses": "96500000",
            "investmentIncomeNet": "400000",
            "netInterestIncome": "-1800000",
            "interestIncome": "1400000",
            "interestExpense": "1800000",
            "nonInterestIncome": "772600000",
            "otherNonOperatingIncome": "200000",
            "depreciation": "29200000",
            "depreciationAndAmortization": "36600000",
            "incomeBeforeTax": "232700000",
            "incomeTaxExpense": "44200000",
            "interestAndDebtExpense": "1800000",
            "netIncomeFromContinuingOperations": "188500000",
            "comprehensiveIncomeNetOfTax": "125000000",
            "ebit": "234500000",
            "ebitda": "265000000",
            "netIncome": "188500000"
        },
        {
            "fiscalDateEnding": "2022-03-31",
            "reportedCurrency": "USD",
            "grossProfit": "284600000",
            "totalRevenue": "720000000",
            "costOfRevenue": "435400000",
            "costofGoodsAndServicesSold": "435400000",
            "operatingIncome": "189700000",
            "sellingGeneralAndAdministrative": "83400000",
            "researchAndDevelopment": "14600000",
            "operatingExpenses": "98800000",
            "investmentIncomeNet": "300000",
            "netInterestIncome": "-2200000",
            "interestIncome": "300000",
            "interestExpense": "2200000",
            "nonInterestIncome": "721100000",
            "otherNonOperatingIncome": "0",
            "depreciation": "28700000",
            "depreciationAndAmortization": "200000",
            "incomeBeforeTax": "195000000",
            "incomeTaxExpense": "21200000",
            "interestAndDebtExpense": "2200000",
            "netIncomeFromContinuingOperations": "173800000",
            "comprehensiveIncomeNetOfTax": "151000000",
            "ebit": "197200000",
            "ebitda": "197400000",
            "netIncome": "173800000"
        },
        {
            "fiscalDateEnding": "2021-12-31",
            "reportedCurrency": "USD",
            "grossProfit": "300600000",
            "totalRevenue": "733900000",
            "costOfRevenue": "535100000",
            "costofGoodsAndServicesSold": "430200000",
            "operatingIncome": "184000000",
            "sellingGeneralAndAdministrative": "98000000",
            "researchAndDevelopment": "13700000",
            "operatingExpenses": "119900000",
            "investmentIncomeNet": "300000",
            "netInterestIncome": "-2600000",
            "interestIncome": "2300000",
            "interestExpense": "2600000",
            "nonInterestIncome": "728400000",
            "otherNonOperatingIncome": "200000",
            "depreciation": "32300000",
            "depreciationAndAmortization": "34400000",
            "incomeBeforeTax": "181900000",
            "incomeTaxExpense": "34200000",
            "interestAndDebtExpense": "2600000",
            "netIncomeFromContinuingOperations": "147700000",
            "comprehensiveIncomeNetOfTax": "143800000",
            "ebit": "184500000",
            "ebitda": "218900000",
            "netIncome": "147700000"
        },
        {
            "fiscalDateEnding": "2021-09-30",
            "reportedCurrency": "USD",
            "grossProfit": "288200000",
            "totalRevenue": "704300000",
            "costOfRevenue": "510200000",
            "costofGoodsAndServicesSold": "418300000",
            "operatingIncome": "181400000",
            "sellingGeneralAndAdministrative": "91900000",
            "researchAndDevelopment": "13100000",
            "operatingExpenses": "105000000",
            "investmentIncomeNet": "400000",
            "netInterestIncome": "-1800000",
            "interestIncome": "1400000",
            "interestExpense": "1800000",
            "nonInterestIncome": "706100000",
            "otherNonOperatingIncome": "1100000",
            "depreciation": "28900000",
            "depreciationAndAmortization": "30000000",
            "incomeBeforeTax": "187600000",
            "incomeTaxExpense": "12000000",
            "interestAndDebtExpense": "1800000",
            "netIncomeFromContinuingOperations": "175600000",
            "comprehensiveIncomeNetOfTax": "153100000",
            "ebit": "189400000",
            "ebitda": "219400000",
            "netIncome": "175600000"
        },
        {
            "fiscalDateEnding": "2021-06-30",
            "reportedCurrency": "USD",
            "grossProfit": "315100000",
            "totalRevenue": "724300000",
            "costOfRevenue": "501300000",
            "costofGoodsAndServicesSold": "408500000",
            "operatingIncome": "211300000",
            "sellingGeneralAndAdministrative": "92700000",
            "researchAndDevelopment": "13800000",
            "operatingExpenses": "106600000",
            "investmentIncomeNet": "200000",
            "netInterestIncome": "-1900000",
            "interestIncome": "1700000",
            "interestExpense": "1900000",
            "nonInterestIncome": "726200000",
            "otherNonOperatingIncome": "1400000",
            "depreciation": "27700000",
            "depreciationAndAmortization": "28800000",
            "incomeBeforeTax": "219600000",
            "incomeTaxExpense": "32300000",
            "interestAndDebtExpense": "1900000",
            "netIncomeFromContinuingOperations": "187300000",
            "comprehensiveIncomeNetOfTax": "194300000",
            "ebit": "221500000",
            "ebitda": "250300000",
            "netIncome": "187300000"
        },
        {
            "fiscalDateEnding": "2021-03-31",
            "reportedCurrency": "USD",
            "grossProfit": "271900000",
            "totalRevenue": "670700000",
            "costOfRevenue": "398800000",
            "costofGoodsAndServicesSold": "398800000",
            "operatingIncome": "175600000",
            "sellingGeneralAndAdministrative": "80200000",
            "researchAndDevelopment": "12200000",
            "operatingExpenses": "93000000",
            "investmentIncomeNet": "100000",
            "netInterestIncome": "-1900000",
            "interestIncome": "100000",
            "interestExpense": "1900000",
            "nonInterestIncome": "671000000",
            "otherNonOperatingIncome": "1100000",
            "depreciation": "28000000",
            "depreciationAndAmortization": "200000",
            "incomeBeforeTax": "179900000",
            "incomeTaxExpense": "28700000",
            "interestAndDebtExpense": "1900000",
            "netIncomeFromContinuingOperations": "151200000",
            "comprehensiveIncomeNetOfTax": "121600000",
            "ebit": "181800000",
            "ebitda": "182000000",
            "netIncome": "151200000"
        },
        {
            "fiscalDateEnding": "2020-12-31",
            "reportedCurrency": "USD",
            "grossProfit": "211100000",
            "totalRevenue": "581800000",
            "costOfRevenue": "446500000",
            "costofGoodsAndServicesSold": "369100000",
            "operatingIncome": "116100000",
            "sellingGeneralAndAdministrative": "76300000",
            "researchAndDevelopment": "12900000",
            "operatingExpenses": "98000000",
            "investmentIncomeNet": "200000",
            "netInterestIncome": "-2100000",
            "interestIncome": "1900000",
            "interestExpense": "2100000",
            "nonInterestIncome": "580200000",
            "otherNonOperatingIncome": "900000",
            "depreciation": "27400000",
            "depreciationAndAmortization": "28500000",
            "incomeBeforeTax": "118800000",
            "incomeTaxExpense": "20400000",
            "interestAndDebtExpense": "2100000",
            "netIncomeFromContinuingOperations": "211100000",
            "comprehensiveIncomeNetOfTax": "147300000",
            "ebit": "120900000",
            "ebitda": "149400000",
            "netIncome": "98400000"
        },
        {
            "fiscalDateEnding": "2020-09-30",
            "reportedCurrency": "USD",
            "grossProfit": "194600000",
            "totalRevenue": "544900000",
            "costOfRevenue": "435200000",
            "costofGoodsAndServicesSold": "353400000",
            "operatingIncome": "99200000",
            "sellingGeneralAndAdministrative": "76200000",
            "researchAndDevelopment": "12500000",
            "operatingExpenses": "94300000",
            "investmentIncomeNet": "200000",
            "netInterestIncome": "-2100000",
            "interestIncome": "1900000",
            "interestExpense": "2100000",
            "nonInterestIncome": "547000000",
            "otherNonOperatingIncome": "400000",
            "depreciation": "27200000",
            "depreciationAndAmortization": "28400000",
            "incomeBeforeTax": "103400000",
            "incomeTaxExpense": "21100000",
            "interestAndDebtExpense": "2100000",
            "netIncomeFromContinuingOperations": "82300000",
            "comprehensiveIncomeNetOfTax": "110600000",
            "ebit": "105500000",
            "ebitda": "133900000",
            "netIncome": "82300000"
        },
        {
            "fiscalDateEnding": "2020-06-30",
            "reportedCurrency": "USD",
            "grossProfit": "195100000",
            "totalRevenue": "523200000",
            "costOfRevenue": "413100000",
            "costofGoodsAndServicesSold": "332100000",
            "operatingIncome": "103600000",
            "sellingGeneralAndAdministrative": "77700000",
            "researchAndDevelopment": "10800000",
            "operatingExpenses": "91800000",
            "investmentIncomeNet": "200000",
            "netInterestIncome": "-2000000",
            "interestIncome": "200000",
            "interestExpense": "2000000",
            "nonInterestIncome": "525200000",
            "otherNonOperatingIncome": "200000",
            "depreciation": "25200000",
            "depreciationAndAmortization": "200000",
            "incomeBeforeTax": "107200000",
            "incomeTaxExpense": "16000000",
            "interestAndDebtExpense": "2000000",
            "netIncomeFromContinuingOperations": "91200000",
            "comprehensiveIncomeNetOfTax": "95700000",
            "ebit": "109200000",
            "ebitda": "109400000",
            "netIncome": "91200000"
        },
        {
            "fiscalDateEnding": "2020-03-31",
            "reportedCurrency": "USD",
            "grossProfit": "167000000",
            "totalRevenue": "491500000",
            "costOfRevenue": "324500000",
            "costofGoodsAndServicesSold": "324500000",
            "operatingIncome": "88000000",
            "sellingGeneralAndAdministrative": "71800000",
            "researchAndDevelopment": "10700000",
            "operatingExpenses": "83900000",
            "investmentIncomeNet": "800000",
            "netInterestIncome": "-2000000",
            "interestIncome": "800000",
            "interestExpense": "2000000",
            "nonInterestIncome": "-3500000",
            "otherNonOperatingIncome": "-300000",
            "depreciation": "24900000",
            "depreciationAndAmortization": "26000000",
            "incomeBeforeTax": "89300000",
            "incomeTaxExpense": "15000000",
            "interestAndDebtExpense": "2000000",
            "netIncomeFromContinuingOperations": "74300000",
            "comprehensiveIncomeNetOfTax": "31600000",
            "ebit": "91300000",
            "ebitda": "117300000",
            "netIncome": "74300000"
        },
        {
            "fiscalDateEnding": "2019-12-31",
            "reportedCurrency": "USD",
            "grossProfit": "153200000",
            "totalRevenue": "470600000",
            "costOfRevenue": "317400000",
            "costofGoodsAndServicesSold": "317400000",
            "operatingIncome": "78100000",
            "sellingGeneralAndAdministrative": "69000000",
            "researchAndDevelopment": "10200000",
            "operatingExpenses": "79100000",
            "investmentIncomeNet": "1300000",
            "netInterestIncome": "-2100000",
            "interestIncome": "1300000",
            "interestExpense": "2100000",
            "nonInterestIncome": "470600000",
            "otherNonOperatingIncome": "100000",
            "depreciation": "25400000",
            "depreciationAndAmortization": "26300000",
            "incomeBeforeTax": "80400000",
            "incomeTaxExpense": "16500000",
            "interestAndDebtExpense": "2100000",
            "netIncomeFromContinuingOperations": "153200000",
            "comprehensiveIncomeNetOfTax": "84700000",
            "ebit": "82500000",
            "ebitda": "108800000",
            "netIncome": "63900000"
        },
        {
            "fiscalDateEnding": "2019-09-30",
            "reportedCurrency": "USD",
            "grossProfit": "147800000",
            "totalRevenue": "456100000",
            "costOfRevenue": "308300000",
            "costofGoodsAndServicesSold": "308300000",
            "operatingIncome": "67300000",
            "sellingGeneralAndAdministrative": "64800000",
            "researchAndDevelopment": "9300000",
            "operatingExpenses": "78600000",
            "investmentIncomeNet": "1000000",
            "netInterestIncome": "-2100000",
            "interestIncome": "1000000",
            "interestExpense": "2100000",
            "nonInterestIncome": "5100000",
            "otherNonOperatingIncome": "-1300000",
            "depreciation": "24400000",
            "depreciationAndAmortization": "25300000",
            "incomeBeforeTax": "67200000",
            "incomeTaxExpense": "10900000",
            "interestAndDebtExpense": "2100000",
            "netIncomeFromContinuingOperations": "56300000",
            "comprehensiveIncomeNetOfTax": "38100000",
            "ebit": "69300000",
            "ebitda": "94600000",
            "netIncome": "56300000"
        },
        {
            "fiscalDateEnding": "2019-06-30",
            "reportedCurrency": "USD",
            "grossProfit": "157900000",
            "totalRevenue": "469700000",
            "costOfRevenue": "311800000",
            "costofGoodsAndServicesSold": "311800000",
            "operatingIncome": "80500000",
            "sellingGeneralAndAdministrative": "70300000",
            "researchAndDevelopment": "9600000",
            "operatingExpenses": "81300000",
            "investmentIncomeNet": "600000",
            "netInterestIncome": "-2000000",
            "interestIncome": "600000",
            "interestExpense": "2000000",
            "nonInterestIncome": "-4800000",
            "otherNonOperatingIncome": "500000",
            "depreciation": "25300000",
            "depreciationAndAmortization": "26300000",
            "incomeBeforeTax": "81600000",
            "incomeTaxExpense": "15500000",
            "interestAndDebtExpense": "2000000",
            "netIncomeFromContinuingOperations": "66100000",
            "comprehensiveIncomeNetOfTax": "67300000",
            "ebit": "83600000",
            "ebitda": "109900000",
            "netIncome": "66100000"
        },
        {
            "fiscalDateEnding": "2019-03-31",
            "reportedCurrency": "USD",
            "grossProfit": "146800000",
            "totalRevenue": "443500000",
            "costOfRevenue": "296700000",
            "costofGoodsAndServicesSold": "296700000",
            "operatingIncome": "70700000",
            "sellingGeneralAndAdministrative": "68600000",
            "researchAndDevelopment": "9800000",
            "operatingExpenses": "79000000",
            "investmentIncomeNet": "900000",
            "netInterestIncome": "-2300000",
            "interestIncome": "900000",
            "interestExpense": "2300000",
            "nonInterestIncome": "-3800000",
            "otherNonOperatingIncome": "-600000",
            "depreciation": "24900000",
            "depreciationAndAmortization": "25500000",
            "incomeBeforeTax": "71500000",
            "incomeTaxExpense": "16100000",
            "interestAndDebtExpense": "2300000",
            "netIncomeFromContinuingOperations": "55400000",
            "comprehensiveIncomeNetOfTax": "56200000",
            "ebit": "73800000",
            "ebitda": "99300000",
            "netIncome": "55400000"
        },
        {
            "fiscalDateEnding": "2018-12-31",
            "reportedCurrency": "USD",
            "grossProfit": "133200000",
            "totalRevenue": "422500000",
            "costOfRevenue": "289300000",
            "costofGoodsAndServicesSold": "289300000",
            "operatingIncome": "65800000",
            "sellingGeneralAndAdministrative": "59700000",
            "researchAndDevelopment": "9800000",
            "operatingExpenses": "75600000",
            "investmentIncomeNet": "700000",
            "netInterestIncome": "-2300000",
            "interestIncome": "None",
            "interestExpense": "2300000",
            "nonInterestIncome": "-700000",
            "otherNonOperatingIncome": "1600000",
            "depreciation": "25600000",
            "depreciationAndAmortization": "26300000",
            "incomeBeforeTax": "66900000",
            "incomeTaxExpense": "14900000",
            "interestAndDebtExpense": "2300000",
            "netIncomeFromContinuingOperations": "52000000",
            "comprehensiveIncomeNetOfTax": "51600000",
            "ebit": "65800000",
            "ebitda": "95500000",
            "netIncome": "52000000"
        },
        {
            "fiscalDateEnding": "2018-09-30",
            "reportedCurrency": "USD",
            "grossProfit": "135600000",
            "totalRevenue": "431700000",
            "costOfRevenue": "296100000",
            "costofGoodsAndServicesSold": "296100000",
            "operatingIncome": "60800000",
            "sellingGeneralAndAdministrative": "64900000",
            "researchAndDevelopment": "10100000",
            "operatingExpenses": "76600000",
            "investmentIncomeNet": "500000",
            "netInterestIncome": "-2000000",
            "interestIncome": "None",
            "interestExpense": "2000000",
            "nonInterestIncome": "-1100000",
            "otherNonOperatingIncome": "1800000",
            "depreciation": "25500000",
            "depreciationAndAmortization": "26200000",
            "incomeBeforeTax": "63200000",
            "incomeTaxExpense": "8000000",
            "interestAndDebtExpense": "2000000",
            "netIncomeFromContinuingOperations": "55200000",
            "comprehensiveIncomeNetOfTax": "45100000",
            "ebit": "60800000",
            "ebitda": "91400000",
            "netIncome": "55200000"
        },
        {
            "fiscalDateEnding": "2018-06-30",
            "reportedCurrency": "USD",
            "grossProfit": "142200000",
            "totalRevenue": "447500000",
            "costOfRevenue": "305300000",
            "costofGoodsAndServicesSold": "305300000",
            "operatingIncome": "60300000",
            "sellingGeneralAndAdministrative": "70000000",
            "researchAndDevelopment": "10800000",
            "operatingExpenses": "83300000",
            "investmentIncomeNet": "300000",
            "netInterestIncome": "-2200000",
            "interestIncome": "None",
            "interestExpense": "2200000",
            "nonInterestIncome": "-1200000",
            "otherNonOperatingIncome": "1700000",
            "depreciation": "24900000",
            "depreciationAndAmortization": "25500000",
            "incomeBeforeTax": "62100000",
            "incomeTaxExpense": "6000000",
            "interestAndDebtExpense": "2200000",
            "netIncomeFromContinuingOperations": "56100000",
            "comprehensiveIncomeNetOfTax": "8200000",
            "ebit": "60300000",
            "ebitda": "89800000",
            "netIncome": "56100000"
        }
    ]
}